2416 3936
304 153 593 210 COMMENTARIVS
612 155 652 209 IN
669 155 810 210 LIBRVM
828 155 861 210 ΙΙ.
1032 156 1097 220 119

78 305 146 364 eius
168 305 302 383 immisit,
327 306 379 381 qui
401 306 529 364 uastatis
553 304 725 380 Calydoniis
748 307 835 365 terris
855 304 1036 382 Calydonius
1060 306 1104 366 ab

78 394 154 453 urbe
178 395 277 472 gentis
300 396 346 452 est
369 395 545 470 appellatus.
592 395 675 453 cuius
702 395 822 454 feritate
847 393 962 454 Oeneus
984 396 1098 454 fractus

80 483 213 542 edictum
232 483 294 541 tale
313 483 477 561 proposuit,
500 486 535 541 ut
558 484 712 542 dimidiam
731 485 816 562 regni
834 488 952 559 partem
970 488 1097 562 caperet,

82 573 136 647 qni
158 575 327 631 monstrum
344 573 550 631 interemisset.
579 573 722 650 Meleagri
740 573 836 632 uirtus
855 574 1020 649 periculum
1038 593 1098 632 non

48 679 66 718 ⁵
81 661 215 737 expauit,
239 661 385 736 siquidem
403 661 466 719 eius
484 661 563 720 filius
576 662 714 737 'undique
732 662 920 721 iuuentutem
942 663 1098 722 collectam

82 751 123 809 ad
150 751 235 808 illam
263 751 335 808 noui
362 751 478 827 generis
507 751 724 825 expeditionem
746 752 875 810 uocauit.
922 753 1001 810 inter
1025 771 1098 827 quos
1181 761 1188 768 “

82 839 176 898 etiam
194 838 340 898 Atalante
358 838 506 914 conuenit,
525 839 597 898 Iasii
615 839 686 916 filia,
710 858 825 898 summa
843 841 987 898 uenatrix.
1022 859 1097 916 quae

81 929 114 986 in
139 927 266 986 saltibus
288 928 386 1003 prima
409 929 542 986 omnium
564 929 750 1003 praedictum
773 948 879 1004 aprum
902 930 1014 1006 sagitta
1033 950 1097 1005 per-

82 1017 183 1076 cussit.
231 1020 336 1092 postea
365 1017 515 1094 Meleager
543 1017 575 1074 in
608 1035 638 1075 se
665 1017 834 1075 uenientem
861 1019 955 1076 feram
984 1020 1100 1095 excepit

40 1124 70 1162 ιο
82 1106 303 1181 mteremrtque
350 1109 381 1164 et
409 1108 514 1182 gratus
542 1106 682 1165 aduersus
709 1106 842 1182 puellam
863 1107 994 1181 futurus,
1022 1127 1098 1182 quae

82 1196 164 1254 inter
194 1195 276 1253 uiros
308 1212 444 1254 successu
474 1195 596 1252 uirtutis
629 1195 790 1273 enituerat,
827 1196 935 1271 pellem
973 1197 1098 1254 monstri

82 1284 165 1342 illius
198 1302 266 1343 cum
298 1284 396 1359 capite
429 1284 456 1342 ei
488 1269 571 1342 dedit
598 1284 636 1341 ad
664 1284 868 1342 testimonium
896 1284 1001 1342 laudis
1048 1285 1099 1342 sed

82 1391 191 1431 munus
223 1376 376 1448 peractum
405 1373 582 1431 fortitudine
609 1373 724 1430 inuidia
751 1373 892 1448 prodidit
936 1373 1098 1448 Plexippus

82 1481 212 1537 namque
236 1465 267 1520 et
288 1462 417 1538 Agenor,
441 1462 584 1538 Meleagri
608 1462 757 1538 auunculi,
779 1462 929 1539 indignati
952 1464 1022 1520 sunt
1043 1463 1099 1521 sibi

41 1567 68 1607 ιι
81 1550 252 1627 praelatam
274 1551 365 1609 fnisse
387 1541 545 1631 uirlginem
568 1555 598 1608 et
618 1569 684 1609 eam
703 1551 780 1610 dono
800 1552 1012 1626 spoliauenmt.
1038 1571 1097 1627 qua
1112 1561 1203 1610 Lindi

81 1640 274 1706 contentione
297 1639 362 1705 fata
386 1639 442 1697 sibi
465 1642 661 1698 maturauere.
689 1640 721 1697 id
744 1639 823 1698 enim
846 1640 1019 1717 indignatus
1037 1640 1097 1698 Me-

81 1729 185 1806 leager
203 1729 471 1806 consanguinitate
504 1729 620 1787 calcata
648 1729 754 1788 matris
784 1748 854 1787 suae
881 1730 1006 1787 fratrem
1033 1728 1099 1787 Ple·

81 1818 208 1893 xippum
231 1817 340 1876 occidit
363 1817 477 1893 sibique
500 1818 605 1876 matris
628 1818 767 1876 affectum
790 1818 922 1877 abstulit.
968 1818 1099 1876 Althaea

81 1906 232 1982 siqnidem
255 1907 325 1964 dum
349 1906 446 1964 saeuit
466 1906 580 1965 ultione
604 1926 821 1984 germanorum,
844 1908 991 1983 titionem,
1011 1923 1098 1982 quem

40 1995 216 2054 aohabebat
245 1997 393 2054 occultum
416 2028 460 2036 -
484 1996 550 2072 qui,
583 2015 650 2054 cum
676 1996 827 2071 Meleager
853 1999 1035 2074 nasceretur,
1067 1996 1100 2053 in

81 2084 169 2162 regia
202 2085 300 2143 subito
332 2089 514 2160 apparuerat
546 2084 609 2143 eius
641 2085 738 2162 sortis
770 2087 805 2142 ut
835 2085 951 2143 iuuenis
984 2085 1100 2143 tamdiu

81 2173 210 2248 uiueret,
238 2174 337 2248 quoad
361 2175 388 2232 is
411 2176 489 2232 esset
511 2176 647 2232 seruatus
671 2205 713 2212 —
736 2175 833 2230 mater
854 2173 973 2250 ignibus
996 2173 1100 2232 mersit

81 2282 212 2337 eumque
231 2281 299 2320 cum
316 2262 371 2320 filii
389 2263 461 2321 fatis
480 2262 629 2320 exstinxit.
661 2280 736 2336 quae
759 2264 919 2336 postquam
938 2263 1099 2320 admissum

82 2351 170 2409 nefas
194 2351 327 2428 agnouit,
350 2351 457 2426 laqueo
480 2352 577 2410 uitam
599 2350 705 2408 finiuit.

40 2459 68 2497 ιι
153 2441 217 2499 482
242 2457 301 2498 nno
325 2458 418 2499 meaa
441 2458 568 2499 manino
591 2440 623 2497 id
646 2441 691 2497 est
715 2439 766 2513 qui
785 2456 900 2514 semper
919 2439 1022 2497 sollers
1041 2438 1100 2496 fuit

158 2724 171 2770 1
193 2716 253 2771 eius
276 2714 406 2787 immisit]
428 2714 562 2769 immissit
580 2733 629 2771 sua
648 2720 684 2767 Pb
707 2717 710 2783 Ι
732 2715 792 2786 qm]
812 2734 844 2786 q
863 2721 901 2768 Pa
922 2718 925 2785 ι
948 2715 1099 2784 Calydonis

82 2788 206 2844 terrisn
238 2805 288 2842 ons.
307 2794 345 2841 Pa
361 2789 365 2857 ι
381 2785 519 2841 celidonis
538 2791 575 2839 Pb
592 2791 596 2853 ι
613 2774 648 2840 ab
668 2786 736 2840 urbe
755 2734 848 2856 gentis
868 2785 1038 2855 Calydonius
1057 2786 1100 2908 Ιιῐιι
1197 2830 1199 2834 .

82 2867 100 2913 2
115 2858 284 2941 appellatus
295 2860 338 2912 est
351 2864 412 2911 arb
426 2861 435 2928 ιι
449 2864 466 2910 4
480 2857 679 2912 intermisisset
692 2863 728 2910 Pb
743 2859 752 2927 ιι
767 2862 782 2911 5
797 2857 856 2910 eius
875 2857 949 2910 filius
963 2862 1015 2910 MP
1040 2856 1099 2910 isI.

83 2931 146 3002 ipse
166 2930 226 2985 eius
245 2929 320 2983 filius
339 2931 390 2999 My
392 2931 428 2984 rb
451 2932 461 2998 ιι
485 2929 694 2982 7Atalanta1.
728 2928 874 2982 athalanta
893 2934 931 2980 Pa
963 2927 1099 2982 atlantica

82 3021 154 3058 corr
169 3005 202 3056 ia
216 3001 325 3055 atlante
339 3006 376 3053 Pb
374 2950 396 3070 il
414 3000 469 3053 Iasi
483 3006 528 3053 Ll’
544 3003 547 3069 ι
564 2999 674 3053 filiaPs
688 2998 755 3069 ιιι
747 3018 777 3052 m
795 2999 968 3053 saeuientem
987 3005 1073 3051 nmro
1090 2998 1100 3071 ιι

85 3080 118 3127 12
139 3073 167 3128 ei
186 3091 235 3128 ora.
255 3078 306 3125 MP
329 3075 338 3141 ιι
362 3078 394 3126 13
414 3073 559 3141 peractum
577 3075 647 3123 Mra
673 3073 822 3152 peraptum
840 3076 877 3123 Pb
902 3073 1033 3140 paratum
1052 3076 1071 3122 L
1093 3074 1096 3142 ι

83 3144 210 3226 perdidit
224 3148 286 3196 Ll’b
300 3145 309 3213 ιι
325 3149 358 3197 14
373 3142 527 3195 auunculus
541 3147 578 3195 Pb
592 3145 601 3211 ιι
616 3146 649 3195 15
659 3141 798 3211 uirginem
812 3141 899 3195 fuisse
912 3146 950 3194 Pb
964 3144 973 3211 ιι
988 3147 1021 3194 16
1034 3158 1098 3194 con·

83 3215 241 3285 temptione
254 3219 291 3266 Pb
320 3212 514 3268 conditioneI.
535 3218 539 3281 ι
559 3213 637 3266 lacta
651 3217 687 3264 Pb
709 3215 712 3282 ι
734 3212 809 3266 enim
827 3229 876 3267 om.
896 3218 934 3265 Pa
951 3214 960 3282 ιι
984 3216 1016 3265 18
1036 3212 1099 3266 obs-

83 3286 153 3341 tulit
172 3292 209 3339 Pb
228 3289 237 3355 ιι
257 3284 316 3338 19
309 3303 339 3338 m
357 3284 532 3338 ultionemL
555 3283 692 3359 ultionem
711 3289 747 3336 Pb
764 3287 768 3354 ι
784 3301 850 3337 nam
864 3283 994 3338 titionem
1007 3289 1076 3336 urb
1089 3283 1100 3357 ιι

83 3381 117 3429 21
143 3375 314 3444 apparuerat
332 3373 391 3428 eius
411 3372 494 3427 sortis
512 3378 564 3426 lt?
600 3350 723 3426 traditus
742 3371 797 3425 fuit
816 3389 833 3426 a
851 3371 947 3426 Parcis
965 3378 985 3425 Ι,
1010 3375 1014 3442 ι
1039 3375 1099 3427 tam

84 3465 136 3500 om.
151 3451 188 3498 Pb
202 3449 213 3526 ιι
226 3450 260 3498 22
275 3461 329 3527 quo
345 3444 418 3498 adiis
428 3450 455 3496 Μ
478 3462 532 3516 que
547 3443 668 3497 adiist
686 3446 690 3512 ι
706 3460 789 3512 quem
798 3445 950 3497 materlss’
963 3446 973 3514 ιι
987 3450 1020 3500 23
1031 3444 1099 3499 fatis

84 3515 137 3570 filii
157 3515 304 3569 extinserit
318 3521 357 3567 Pb
370 3519 379 3585 ι
390 3517 581 3586 posteaquam
599 3520 620 3570 1.
