2416 3936
131 153 197 216 280
359 148 648 204 COMMENTARIVS
666 148 706 202 IN
724 148 864 202 LIBRVM
882 148 915 203 V.

200 303 262 359 343
287 318 450 358 accunvar
472 298 669 376 consentiunt,
691 301 727 357 ut
744 299 910 375 tranquilla
929 298 1069 358 subdant.
1108 298 1150 357 sic
1186 290 1190 297 ’

24 396 26 400 ’
132 390 288 448 Terentius
310 390 342 447 in
364 388 508 463 Adelphis
527 383 575 465 <u
592 385 691 466 350>:
715 383 843 463 ‘accedo,
866 390 901 445 ut
919 388 1026 446 melius
1046 382 1149 447 dicas'.

133 482 188 550 aut
206 478 397 551 accedunt,
416 480 451 535 ut
469 477 601 535 audiant.
639 477 725 551 quasi
744 495 861 535 sensum
878 477 1065 551 recipientia.
1098 476 1160 535 sed·

133 567 240 626 melius
263 561 483 626 ‘consentiunt'.
716 620 717 623 ,

203 658 267 714 344
296 672 435 715 oarnnvs
465 654 713 731 quemadmodum
740 654 773 712 in
800 673 875 712 naue
905 656 1038 729 caneret,
1070 653 1180 713 dieit⁵

136 745 219 804 ouius
251 744 437 802 dulcedinem
473 744 627 802 morientis
660 743 749 820 cygni
781 745 936 817 comparat
972 743 1148 801 cantilenae.

136 834 276 893 dicuntur
299 833 378 891 enim
401 833 490 909 cygni
512 832 618 890 mortis
640 834 773 907 tempore
792 832 907 890 dulcius
926 832 1015 891 solito
1036 850 1147 890 canere.

204 923 266 981 345
290 940 418 980 rusciae
441 939 580 980 annonas
604 912 636 978 id
657 924 702 978 est
720 922 825 979 cantus
844 921 997 980 dulcedine
1016 920 1148 980 laborem

136 1011 245 1070 sentire
269 1030 329 1069 nou
353 1010 432 1070 sinit.

204 1102 266 1160 346
292 1117 416 1164 canova
438 1117 527 1156 rrum
551 1097 774 1174 Symplegadas
797 1101 832 1155 ut
855 1097 962 1156 asserit
982 1097 1145 1173 Euripides
1157 1108 1175 1147 ¹0

204 1191 266 1248 347
302 1205 433 1247 cranurs
464 1204 559 1245 nnius
593 1186 691 1261 Cyane
724 1187 864 1262 Nympha
896 1187 928 1244 in
960 1187 1065 1245 Sicilia
1096 1188 1146 1244 est

134 1278 237 1336 Venus
255 1278 421 1355 indignata,
441 1276 520 1350 quod
534 1276 712 1352 Proserpina
727 1294 812 1333 suum
826 1295 935 1333 numen
949 1276 1148 1334 contemneret

136 1367 276 1443 coniugia
304 1383 451 1440 spemenS‚
479 1364 615 1439 Plutoni,
647 1365 698 1440 qui
726 1364 847 1423 territus
874 1364 988 1422 uiribus
1016 1363 1147 1440 Typhoei

137 1455 304 1513 aucmentis
333 1455 476 1528 Aetnam,
508 1453 556 1511 oui
589 1453 737 1512 subiectus
769 1456 846 1527 erat,
879 1472 946 1520 cum
977 1453 1015 1512 ab
1048 1452 1147 1510 inferis

137 1544 314 1619 emersisset,
337 1543 443 1600 intulit
466 1560 604 1616 amorem,
627 1545 662 1600 ut
681 1542 889 1617 Proserpinam
913 1541 992 1600 eirca
1010 1559 1149 1600 cacumen
1159 1549 1178 1590 ΙΙ

135 1633 252 1691 Aetnae
275 1633 362 1689 flores
385 1632 534 1707 legentem
552 1631 687 1705 eriperet.
726 1649 785 1706 qua
804 1649 971 1706 compressa
994 1649 1063 1689 oum
1084 1649 1148 1706 pro-

135 1722 257 1797 peraret
288 1739 376 1778 curru
407 1719 525 1796 fugere,
559 1718 658 1794 Cyane
690 1720 846 1796 Nympha,
885 1738 974 1794 quam
1007 1719 1150 1778 dilexerat

136 1809 261 1883 Anapus
285 1808 389 1882 amnis,
413 1808 613 1866 intercedente
636 1808 773 1866 tardatus
796 1811 848 1866 est.
886 1808 991 1866 atille
1014 1808 1150 1867 incensus

135 1897 183 1954 ira
205 1914 320 1969 morae,
343 1897 587 1972 intercedentem,
610 1898 646 1954 ut
667 1900 830 1971 rumperet,
858 1898 973 1971 sceptro
996 1897 1150 1972 percussit

136 2003 337 2060 praecepsque
364 1984 397 2042 in
423 1985 541 2042 inferna
569 1985 701 2043 demersa
730 1988 774 2043 est
802 1988 832 2043 et
859 1986 890 2043 in
913 1986 1062 2061 liquorem
1086 1995 1183 2045 eon-2⁰

136 2092 231 2133 uersa.
288 2073 371 2132 cuius
403 2074 485 2132 lacus
518 2074 675 2150 contiguus
707 2077 753 2132 est
784 2074 958 2132 Arethusae.
1095 2092 1153 2135 uos

137 2180 274 2220 rnanom
302 2179 373 2222 vrsv
404 2182 458 2221 nos
490 2165 631 2238 putamus
659 2164 786 2221 Thraces
818 2163 849 2220 in
877 2163 1023 2221 ultionem
1051 2164 1154 2222 uenire

137 2251 269 2327 nauigiO,
293 2252 344 2326 qui
367 2252 441 2310 uicti
465 2270 483 2309 a
505 2251 579 2310 uiris
602 2252 722 2309 fuerant
743 2251 946 2309 Lemniadum.

22 2352 122 2400 duria
206 2341 268 2399 355
295 2357 413 2399 souvro
437 2340 522 2399 molli
545 2343 599 2398 aut
620 2340 765 2398 muliebri.

205 2430 269 2487 357
304 2446 447 2488 Anvuuso
484 2432 586 2487 utrum
623 2429 682 2487 situ
719 2430 876 2486 aduersum
913 2429 1014 2503 posuit
1045 2429 1079 2486 id
1111 2433 1191 2488 esta

138 2518 287 2592 positione
311 2518 370 2575 loci
393 2537 431 2576 an
455 2518 608 2577 aduerso
631 2519 761 2592 inimico,
784 2519 892 2592 quippe
911 2518 992 2575 Mars
1009 2517 1160 2577 Lemnum

138 2606 246 2663 merito
271 2607 388 2680 oderat,
418 2607 489 2682 quia
516 2607 548 2665 in
571 2626 606 2665 ea
627 2607 727 2664 insula
751 2626 768 2664 a
791 2606 926 2665 Vulcano
950 2626 1016 2665 cum
1039 2605 1160 2666 Venere

139 2696 238 2751 fuerat
262 2693 480 2770 deprehensus?

205 2785 268 2842 351
295 2801 452 2842 courrrun
474 2787 606 2859 tantum,
636 2784 747 2859 inquit,
777 2803 794 2841 a
818 2786 908 2858 portu
933 2782 1037 2841 aberat
1060 2784 1161 2862 nauis,

209 2940 223 2988 1
253 2935 333 2989 schol.
364 2938 418 2989 343
445 2941 470 2989 et
498 2938 551 2989 344
578 2938 689 2990 iaaerso
716 2937 812 2990 ordine
840 2937 967 3006 loquutur
993 2938 1025 2990 ia
1051 2941 1133 2988 1.an
1151 2936 1163 3018 fl

139 3012 154 3059 2
175 3006 244 3059 cedo
272 3007 414 3061 Terentius
435 3007 445 3075 ll
468 3011 484 3058 3
508 3006 646 3060 accedant
668 3011 695 3058 ΙΙ
717 3009 727 3076 l
751 3011 766 3058 5
791 3006 931 3075 Orpheum
953 3012 981 3059 ΙΙ
1005 3011 1010 3074 Ι
1034 3005 1065 3060 iu
1089 3024 1161 3062 nam

137 3083 186 3129 111²
202 3078 206 3147 Ι
223 3079 357 3131 canerent
374 3081 447 3145 1¹ll⁶
468 3076 615 3132 dulcedine
633 3084 654 3129 Ρ
672 3079 681 3146 ΙΙ
701 3083 717 3131 8
736 3079 816 3132 schol.
836 3080 889 3131 345
908 3093 957 3131 om.
976 3083 1014 3129 Pa
1034 3079 1044 3146 ιΙ
1065 3083 1082 3131 9
1102 3095 1162 3132 non

140 3148 244 3201 sentire
259 3147 327 3202 sinit
341 3152 377 3200 ΡΙ)
392 3149 401 3217 ΙΙ
416 3153 450 3201 10
463 3154 597 3200 1³1³an
615 3147 702 3201 Primi
716 3166 749 3202 ex
763 3155 917 3203 correctura
931 3153 958 3200 ΙΙ
974 3150 977 3217 Ι
993 3148 1161 3220 riplegadas

140 3224 168 3271 ΙΙ
184 3221 189 3288 l
205 3221 381 3288 MedeoIsq.
396 3221 405 3288 ΙΙ
420 3224 452 3271 11
468 3217 572 3287 Cycnei
586 3224 637 3272 ΙΙΡ
653 3219 657 3290 Ι
674 3221 717 3273 est
735 3221 843 3288 ommi!
857 3225 890 3272 12
909 3236 1012 3273 numen
1030 3236 1082 3275 cm.
1098 3225 1136 3272 ΡΙ)

141 3295 173 3342 13
194 3289 310 3344 Plutoni
328 3291 434 3344 inserui
452 3307 485 3344 ec
502 3292 584 3360 myth.
605 3291 640 3359 (Π
655 3293 699 3359 93)
713 3292 722 3360 ΙΙ
737 3296 770 3343 16
789 3306 874 3358 quam
893 3307 1082 3359 compressam
1096 3295 1134 3343 ΡΙ)

141 3367 172 3414 17
195 3367 367 3430 curruqueI·
395 3378 478 3415 cursu
496 3367 533 3413 Ρι)
550 3363 554 3429 Ι
569 3361 680 3431 fugeret
697 3367 761 3414 Ll’a
792 3364 896 3431 fingere
914 3366 951 3413 ΡΙ)
965 3364 975 3430 ΙΙ
989 3367 1023 3414 20
1042 3360 1086 3414 inl
1105 3380 1158 3419 om.

138 3436 177 3483 ΡΙ)
191 3434 201 3500 ΙΙ
216 3437 249 3483 22
269 3449 327 3486 non
347 3437 385 3484 Pa
401 3434 405 3501 Ι
421 3435 553 3501 putamus
574 3449 705 3502 superscr.
727 3432 758 3485 ui
775 3437 803 3484 ΙΙ
820 3434 829 3501 ΙΙ
849 3438 881 3486 26
901 3433 1001 3486 merito
1020 3433 1159 3487 Lemnum

139 3507 203 3554 urb
223 3505 284 3571 [127
305 3519 358 3571 que
376 3509 397 3555 Ρ
413 3506 417 3571 l
433 3502 463 3556 in
481 3503 532 3557 illa
550 3509 570 3555 1.
588 3506 597 3572 ΙΙ
616 3508 650 3556 28
669 3503 821 3573 deprensus
839 3508 876 3555 ΡΙ)
891 3505 900 3572 ΙΙ
915 3510 948 3557 29
968 3503 1004 3557 ab
1026 3505 1112 3573 portu
1130 3509 1159 3556 Ι
