2416 3936
272 187 560 243 COMMENTARIVS
579 187 618 240 IN
636 187 775 241 LIBRVM
793 188 839 243 lX.
1000 189 1065 254 419

55 341 105 399 uc]
129 341 191 398 sine
216 340 349 414 stridore,
374 338 444 414 quia
466 338 574 396 dicitur
592 339 709 413 Asopus
732 339 806 396 lenis
825 339 923 414 fluere,
946 339 995 398 uel
1019 359 1065 398 oc·

56 430 153 489 cultas
180 449 234 504 per
255 428 383 486 latentia
406 427 568 502 spiramina
591 430 737 486 terrarum
761 428 839 486 uires
868 447 935 486 suas
957 428 1066 487 fluuius

55 518 240 577 refundebat.

124 609 188 665 454
217 624 299 663 16161
323 623 433 664 616666
460 604 580 679 pluuiae
605 605 682 662 enim
706 625 741 663 ex
768 605 883 664 nebulis
906 609 1065 682 conceptae

28 700 153 761 5terrae
177 695 349 753 funduntur.
385 694 458 752 dicit
487 712 557 769 ergo
582 712 726 768 aquarum
756 695 868 753 semina
898 695 998 753 omnia
1028 694 1067 752 ad

55 786 238 844 incrementa
261 783 348 841 huius
370 782 455 840 fluuii
478 781 567 839 fuisse
592 801 741 840 conuersa.

124 875 187 932 456
212 890 336 931 uuonan
358 872 492 946 riparum
515 870 682 928 altitudine.

124 963 189 1020 460
220 978 352 1019 ramnus
380 961 440 1018 ista
470 959 566 1017 sidera
600 979 666 1018 cum
694 959 845 1035 occidunt,
874 959 1066 1036 grauissimas

56 1053 245 1110 commouent
267 1051 466 1124 tempestates

21 1153 42 1192 10
123 1141 185 1197 461
229 1156 347 1197 manvu
383 1138 547 1211 turbidum,
589 1139 797 1211 tempestatem
839 1136 1064 1213 significantem.

54 1229 166 1287 etenim
190 1228 214 1285 si
237 1228 352 1285 lucidus
376 1227 501 1303 oriatur,
526 1226 716 1284 serenitatem
743 1225 898 1303 significat.
940 1228 975 1283 66
997 1225 1064 1283 Vir·

54 1318 147 1394 gilius
178 1312 271 1394 (Aen.
300 1315 347 1374 HI
375 1314 477 1392 517>2
510 1310 728 1389 ‘armatumque
761 1334 833 1373 auro
867 1314 1067 1389 circumspicit

56 1401 190 1465 Oriona'.
896 1431 899 1439 ¹

123 1497 188 1553 464
212 1511 311 1552 Ansrv
334 1512 479 1569 aquarum
499 1511 587 1551 sonus
607 1510 641 1550 ac
664 1492 799 1550 fremitus
817 1491 1067 1567 Hippomedontis

17 1594 41 1634 15
55 1585 185 1659 clipeum
207 1583 290 1640 texit.

124 1675 188 1732 467
213 1688 384 1730 6666111616
406 1669 597 1744 possidentia.

127 1763 191 1819 473
215 1778 368 1818 66616666
391 1758 500 1833 pedum
522 1759 590 1816 nisu
612 1757 738 1818 labente.

125 1850 189 1908 475
219 1866 358 1906 svanvrn
381 1865 484 1905 euersa
507 1847 538 1904 id
561 1849 607 1904 est
634 1847 845 1905 subtereuntia.
935 1863 1068 1905 6116161

55 1956 132 1996 arno
153 1938 203 2013 qui
222 1936 349 1995 creditos
369 1935 424 1994 sibi
443 1954 560 2013 gressus
580 1935 747 2011 decipiebat
766 1939 796 1994 et
809 1939 915 1995 nutare
928 1936 1066 1994 faciebat

16 2036 42 2078 ¹0
123 2029 187 2087 478
211 2044 338 2084 masam
360 2043 524 2084 6611161611
548 2043 609 2084 nno
634 2025 723 2083 debili
746 2024 861 2084 Libero.
953 2043 1067 2084 601611-

56 2134 117 2181 ova
142 2133 286 2174 onvoann
309 2132 452 2173 6611111616
482 2133 582 2189 quem,
607 2133 673 2173 cum
699 2114 882 2172 bacchantur
904 2133 939 2172 ac
966 2133 996 2172 se
1024 2115 1067 2171 la-

56 2207 168 2279 cerant,
191 2208 301 2262 matres
325 2203 486 2262 effundunt.

127 2295 192 2354 480
215 2309 313 2352 avxvs
336 2292 419 2350 tibia.

121 2384 185 2440 482
213 2401 253 2438 ar
276 2400 355 2440 uvan
377 2397 529 2439 66616616
552 2396 696 2438 annania
718 2378 749 2435 id
773 2381 818 2437 est
840 2379 973 2436 natantis
996 2379 1192 2439 limitatae

20 2481 43 2522 2⁶
56 2472 193 2548 squalore
212 2470 366 2528 sordentis.
396 2469 433 2526 ad
452 2468 712 2526 demonstrandam
729 2468 906 2526 uiolentiam
925 2467 1065 2526 torrentis

56 2560 186 2619 fluminis
215 2558 307 2617 frmdo
336 2558 441 2616 limum
465 2557 592 2615 excitum
615 2558 646 2614 in
675 2557 827 2632 superficie
851 2575 996 2631 aquarum
1021 2575 1068 2615 ro·

56 2652 120 2708 tare
145 2650 235 2724 poeta
257 2648 444 2705 monstrauit.

124 2739 188 2797 484
220 2754 362 2795 66106161
384 2735 641 2811 Hippomedontis

124 2828 188 2886 486
219 2843 379 2884 couvnnsn
401 2828 437 2882 ut
464 2825 632 2883 ostenderet
657 2824 716 2881 uiri
744 2824 831 2883 fortis
859 2822 1068 2899 constantiam,

18 2926 44 2966 80
57 2915 131 2974 dicit
154 2935 221 2972 eum
244 2915 328 2972 tarde
353 2914 472 2972 cessisse
495 2913 544 2971 uel
567 2911 689 2972 numini.

130 3055 144 3101 1
164 3049 211 3101 uel
230 3065 279 3102 om.
299 3053 337 3101 Pe
360 3048 365 3119 1
385 3047 489 3116 frigore
508 3052 528 3098 P
544 3049 548 3115 Ι
568 3046 654 3101 fluere
672 3045 773 3100 leniter
790 3051 827 3098 Pb
844 3050 848 3114 1
868 3045 916 3099 uel
933 3062 983 3100 om.
1002 3050 1039 3097 Pa
1057 3041 1068 3114 lt

57 3124 73 3173 8
92 3118 269 3173 restindebat
286 3124 324 3172 Pa
348 3118 539 3187 restringebat
556 3123 593 3170 Pb
617 3120 626 3187 ΙΙ
649 3122 664 3170 6
683 3117 792 3170 flumini
810 3120 867 3187 Pb}
888 3117 933 3171 flu.
954 3114 1067 3171 affuisse

56 3197 77 3243 1.
99 3193 109 3259 t}
132 3196 148 3243 8
171 3196 339 3243 1661111161.
362 3193 371 3258 ΙΙ
394 3195 410 3242 9
433 3189 616 3258 tempestates
634 3191 811 3243 commouent
829 3194 848 3240 1.
869 3190 877 3257 ΙΙ
901 3193 935 3240 14
958 3187 1067 3241 sonitus

56 3267 93 3314 Pb
117 3265 126 3332 ΙΙ
151 3267 185 3314 18
210 3260 346 3330 subrupto
364 3265 400 3312 Pb
424 3262 433 3329 ΙΙ
456 3265 489 3312 19
513 3258 882 3330 (161626620116661666
908 3264 927 3310 1.
946 3276 1014 3314 corr.
1034 3277 1068 3314 ex

57 3332 205 3387 fabulante
230 3337 258 3384 Η
283 3334 286 3399 Ι
312 3331 399 3386 debili
426 3348 475 3385 om.
502 3348 634 3400 uipereor.
652 3336 680 3383 Η
706 3333 716 3400 u
743 3337 775 3384 21
802 3348 943 3384 1166661616
970 3335 990 3382 Ι.
1016 3347 1066 3386 om.

57 3410 110 3457 ΗΡ
126 3403 305 3472 {bachantur
323 3404 444 3472 111166
463 3403 504 3473 66]
524 3419 588 3457 0666
605 3407 633 3454 H
646 3404 655 3473 Η
670 3407 703 3455 22
722 3403 819 3456 mo'tes
838 3407 875 3454 Pa
895 3403 984 3455 intres
1002 3406 1040 3454 Pb
1060 3401 1066 3474 Ι

57 3475 239 3529 offimduntur
252 3479 272 3526 P
291 3473 398 3527 effundi
411 3478 438 3525 u
452 3475 461 3542 i
475 3479 509 3528 24
522 3491 651 3528 61116616
665 3490 787 3528 manum
801 3490 852 3529 our.
862 3478 913 3525 ΠΡ
926 3473 935 3543 Η
950 3477 983 3526 29
1002 3489 1067 3528 con-

56 3545 134 3601 uersi
152 3548 243 3616 21130
262 3543 379 3600 cessisse
399 3586 404 3597 .
421 3586 448 3600 ..
467 3546 575 3614 grando
588 3549 643 3602 'ona
662 3549 699 3596 Pa

855 3634 907 3687 661
