2416 3936
286 184 575 240 COMMENTARIVS
594 184 634 238 IN
653 184 792 239 LIBRVM
811 184 844 238 V.
1006 187 1075 249 ῘΖΠ

52 337 241 410 mirandum,
269 336 346 394 unde
374 336 406 393 in
434 336 562 395 delicato
590 337 708 411 pectore
735 338 799 394 tam
825 337 981 411 repentina
1009 357 1073 396 cru·

55 427 175 484 delites
1046 476 1048 482 Α

129 515 191 573 285
216 530 407 572 Ancnnrrnvs
430 531 543 572 ruanis
566 513 598 571 id
622 515 667 571 est
689 532 870 588 quamquam
897 515 1072 575 arcentibus

57 605 90 661 et
114 605 160 660 est
182 602 397 676 anacoluthon,
425 605 460 660 nt
483 603 534 660 sit:
563 620 744 676 quamquam
772 603 939 662 arcentibus
961 604 1073 662 umbris

28 696 163 752 stamen
181 691 239 748 iter
258 691 386 749 clarauit
404 691 499 749 limite
518 692 626 768 longae
645 692 790 749 flammae.
823 692 952 769 longae
973 696 1073 751 autem

59 781 138 838 dixit
160 780 264 838 stellae
289 781 396 837 tractu,
437 780 596 838 clarauit
619 799 689 856 ergo
712 799 766 855 pro
790 775 915 838 ‘clarum
937 777 1027 840 fecit'.

129 871 192 928 287
222 886 323 927 dravo
351 886 474 927 sonora
506 886 648 928 enavsvn
679 868 793 926 fluuiali
825 870 961 947 nauigio,
994 871 1073 945 quod

62 958 131 1015 sinu
147 957 261 1016 roboris
275 957 440 1015 incaustur.
470 961 500 1016 et
514 957 581 1016 ideo
601 958 772 1016 clausum:
793 959 878 1033 quasi
895 959 927 1015 in
946 962 1072 1035 angusto

60 1046 175 1104 roboris
201 1045 387 1105 collocatum.
469 1071 473 1077 ·

11 1155 47 1194 ιο
130 1137 191 1194 289
212 1152 357 1201 duranno
377 1135 570 1210 participium
589 1138 641 1193 est.
678 1135 734 1193 hoc
753 1138 811 1193 est:
834 1136 902 1194 huic
921 1136 1074 1212 Aegaeoni

61 1221 209 1298 Cycladas
223 1224 358 1298 amplexo
370 1257 411 1263 —
421 1243 476 1299 pro
486 1219 703 1298 ‘amplectenti'
714 1257 755 1264 —
765 1227 882 1299 patrem
892 1226 1072 1283 commendo.

128 1313 192 1371 296
221 1330 399 1370 Pvnrsvnnn
432 1332 540 1370 nomen
572 1315 629 1387 est,
662 1332 722 1372 non
754 1313 953 1388 participium.
1004 1333 1074 1371 nam

59 1402 194 1475 tempore
218 1404 307 1475 caret,
329 1401 464 1475 patiendi
488 1401 704 1479 significatione
727 1403 871 1477 priuatur.
912 1404 943 1461 et
960 1403 1074 1461 indicat

58 1508 120 1547 non
147 1489 320 1564 pudentem,
349 1490 399 1548 sed
427 1490 552 1564 pudenti
576 1490 716 1565 similem,
745 1510 821 1566 quae
849 1491 995 1550 erubescit
1023 1492 1073 1548 ad-

15 1598 45 1637 15
60 1579 186 1635 missum
214 1578 329 1636 facinus
357 1579 499 1654 temporis
527 1579 617 1637 alieni
642 1583 671 1637 et
698 1580 806 1655 lucem,
835 1580 952 1638 etiamsi
979 1580 1074 1638 nollet

61 1669 225 1725 nocturnae
249 1667 347 1725 caedis
370 1668 546 1727 crudelitate
569 1668 691 1726 foedari.
1134 1734 1136 1739 ,
1182 1728 1193 1737 ,,

129 1758 192 1815 297
226 1767 320 1814 mnan
352 1757 482 1815 ostendit
518 1759 608 1832 poeta
640 1757 756 1834 generis
787 1758 886 1815 neutri
919 1776 988 1815 esse.
1043 1760 1074 1815 et

60 1841 188 1902 Ouidius
211 1840 301 1919 <met
316 1846 332 1902 Ι
349 1842 481 1923 lss'lsq.)
498 1846 555 1905 hoc
578 1866 684 1923 genere
704 1847 878 1905 declinauit:
902 1841 966 1922 ‘per
987 1847 1074 1905 iubar

58 1934 117 1991 hoc
136 1979 142 1990 .
159 1978 165 1990 .
181 1977 209 1990 ..
229 1928 315 1991 iuro'.
418 1953 566 1993 nnomnm
583 1954 658 2011 quae
678 1935 862 1994 declinarent
880 1938 910 1992 θῖ
927 1936 1072 2012 tugerent.

12 2042 43 2082 ac
59 2021 201 2097 opposita
224 2023 303 2080 enim
325 2023 401 2080 nube
425 2026 495 2082 ante
517 2024 620 2083 uultus
644 2043 712 2083 suos
734 2025 929 2083 Lemniadum
953 2025 1073 2083 crimine

58 2110 265 2169 declinauerat
287 2112 339 2169 sol.

131 2201 193 2259 298
217 2217 291 2258 rvon
315 2218 368 2275 pro
393 2201 484 2276 equis.
592 2220 713 2259 aarum
736 2202 846 2260 referit.
892 2202 972 2277 fugit
994 2203 1073 2266 enim

58 2288 106 2347 sol
122 2288 337 2347 crudelitatem.
361 2292 414 2347 aut
432 2291 545 2348 refert
564 2285 717 2349 ‘deflectit'
731 2291 836 2348 melius
855 2290 1071 2365 intellegamus.

130 2378 194 2436 300
226 2393 358 2435 unamve
389 2397 492 2437 arnon
520 2398 702 2454 quamquam
732 2379 811 2437 inter
841 2377 951 2436 similes
983 2378 1073 2435 rubor

10 2484 121 2526 aenon
144 2464 279 2540 habetur,
306 2467 407 2524 tamen
431 2469 501 2526 noui
525 2468 656 2526 criminis
684 2467 864 2526 conscientia
890 2486 920 2525 se
945 2467 1073 2525 inuicem

54 2553 269 2612 formidabant.

128 2643 190 2702 305
214 2659 326 2702 nisvnn
349 2661 439 2703 nume
461 2662 552 2703 acius
572 2645 663 2702 uerba
680 2645 852 2722 plangentis
871 2648 902 2703 et
919 2645 985 2702 ideo
1004 2662 1071 2719 pro·
1082 2656 1203 2708 aman-1

54 2731 248 2790 nuntiatione
272 2751 373 2790 sensus
397 2735 442 2790 est
465 2733 658 2792 adiuuandus.

131 2980 147 3027 3
167 2973 326 3028 arcentibus
345 2972 464 3027 umbris:
485 2973 508 3026 tt
526 2976 570 3027 est
588 2979 607 3026 L
628 2977 637 3044 t
659 2980 674 3027 5
693 2973 796 3028 claruit
814 2979 875 3027 arb
912 2973 989 3028 l'ruit
1006 2980 1044 3027 Pa
1062 2975 1072 3047 tt

55 3049 258 3100 6traeta1'11’a
286 3045 406 3097 ductuL
424 3046 433 3113 ΙΙ
452 3050 467 3097 9
487 3043 622 3099 collatum
638 3051 665 3098 Π
683 3048 692 3115 t
711 3051 744 3098 10
763 3046 820 3099 θεῖ1
838 3051 922 3100 om.1·
939 3046 942 3117 t
958 3045 1023 3117 hoc]
1043 3051 1072 3100 et

54 3120 119 3187 1²21}
135 3123 166 3170 11
187 3115 309 3170 ciclades
328 3121 347 3167 Ρ
364 3119 367 3184 l
384 3116 548 3169 commendo
567 3134 618 3171 om.
636 3119 744 3186 281112
763 3134 830 3169 nam
850 3160 854 3170 .
872 3161 876 3170 .
894 3160 899 3169 .
918 3116 1071 3186 pudentem

55 3190 232 3257 0922121113
253 3189 330 3240 caret
348 3186 478 3255 821114
506 3187 588 3255 quil.
607 3188 683 3256 quod
696 3193 733 3240 Pb
762 3193 845 3258 q3Pa
872 3190 953 3257 (ῙΗΙΙ
969 3195 1000 3241 lo
1017 3187 1070 3243 etsi

53 3264 95 3312 Pb
114 3261 124 3328 t
142 3264 175 3312 16
194 3260 331 3312 nocturna
349 3259 440 3326 21117
460 3274 520 3312 esse
542 3259 636 3312 neutri
654 3266 674 3312 1.
705 3259 798 3312 neutri
816 3261 913 3327 221120
932 3262 998 3312 ante
1019 3277 1069 3313 om.

55 3336 79 3382 1.
111 3332 206 3383 autem
224 3336 263 3382 Pa
279 3332 283 3397 l
299 3327 416 3382 crimina
435 3332 542 3398 Mad)
556 3333 565 3400 ΙΙ
579 3336 613 3383 22
631 3347 681 3400 pro
702 3330 780 3398 equis
799 3329 894 3399 posuit
909 3336 929 3382 1.
950 3333 954 3400 l
974 3329 1072 3384 referit
1091 3369 1095 3375 -

56 3405 130 3453 nb
166 3401 252 3455 refert
269 3407 307 3452 Pa
342 3418 392 3454 om.
412 3406 432 3452 1.
453 3403 457 3469 Ι
478 3400 552 3470 fugit
570 3400 644 3455 enim
663 3419 713 3456 om.
732 3407 769 3454 Pb
792 3404 801 3471 t
824 3407 857 3453 23
877 3401 1070 3470 intelligamus

53 3478 104 3524 ΒΡ
127 3474 136 3541 t
158 3478 192 3525 25
211 3489 267 3524 non
285 3490 334 3525 om.
354 3476 405 3523 MP
429 3471 432 3542 l
456 3471 570 3525 habitus
589 3477 626 3525 Pb
663 3473 701 3525 ha
718 3479 756 3525 Pe
782 3476 785 3542 Ι
811 3472 983 3526 conscientia
1003 3470 1070 3525 noui

52 3541 183 3597 criminis
202 3548 221 3594 L
240 3545 249 3611 t
268 3547 301 3595 27
320 3560 398 3595 nanis
417 3559 467 3598 om.
487 3548 538 3596 BP
554 3545 558 3614 Ι
574 3543 765 3613 pronuntiatio
784 3550 822 3596 Pa
852 3541 1014 3616 pauntiatio
1031 3547 1069 3597 Pb
