<?xml version="1.0" encoding="UTF-8"?>
<!DOCTYPE html PUBLIC "-//W3C//DTD XHTML 1.0 Transitional//EN"
    "http://www.w3.org/TR/xhtml1/DTD/xhtml1-transitional.dtd">
<html xmlns="http://www.w3.org/1999/xhtml" xml:lang="en" lang="en">
 <head>
  <title>
</title>
<meta http-equiv="Content-Type" content="text/html;charset=utf-8" />
  <meta name='ocr-system' content='tesseract 3.04.00' />
  <meta name='ocr-capabilities' content='ocr_page ocr_carea ocr_par ocr_line ocrx_word'/>
</head>
<body>
  <div class='ocr_page' id='page_1' title='image "./opera02statgoog_0202.png"; bbox 0 0 2416 3936; ppageno 0'>
   <div class='ocr_carea' id='block_1_1' title="bbox 292 157 1089 225">
    <p class='ocr_par' dir='ltr' id='par_1_1' title="bbox 292 157 1089 225">
     <span class='ocr_line' id='line_1_1' title="bbox 292 157 1089 225; baseline 0.015 -11"><span class='ocrx_word' id='word_1_1' title='bbox 292 157 581 216; x_wconf 81' lang='lat' dir='ltr'><strong>COMMENTARIVS</strong></span> <span class='ocrx_word' id='word_1_2' title='bbox 599 158 640 214; x_wconf 86' lang='lat' dir='ltr'><strong>IN</strong></span> <span class='ocrx_word' id='word_1_3' title='bbox 657 158 797 215; x_wconf 84' lang='lat' dir='ltr'><strong>LIBRVM</strong></span> <span class='ocrx_word' id='word_1_4' title='bbox 814 160 862 215; x_wconf 90' lang='lat' dir='ltr'><strong>Ill.</strong></span> <span class='ocrx_word' id='word_1_5' title='bbox 1025 160 1089 225; x_wconf 83' lang='lat'><strong>185</strong></span> 
     </span>
    </p>
   </div>
   <div class='ocr_carea' id='block_1_2' title="bbox 35 308 1135 2343">
    <p class='ocr_par' dir='ltr' id='par_1_2' title="bbox 35 308 1135 2343">
     <span class='ocr_line' id='line_1_2' title="bbox 74 308 1090 387; baseline 0.001 -18"><span class='ocrx_word' id='word_1_6' title='bbox 74 310 210 385; x_wconf 77' lang='lat' dir='ltr'><strong>fabulae,</strong></span> <span class='ocrx_word' id='word_1_7' title='bbox 247 329 323 385; x_wconf 86' lang='lat' dir='ltr'><strong>quae</strong></span> <span class='ocrx_word' id='word_1_8' title='bbox 359 311 391 369; x_wconf 92' lang='lat' dir='ltr'><strong>in</strong></span> <span class='ocrx_word' id='word_1_9' title='bbox 427 311 659 387; x_wconf 85' lang='lat' dir='ltr'><strong>septentrionem</strong></span> <span class='ocrx_word' id='word_1_10' title='bbox 695 313 765 369; x_wconf 84' lang='lat' dir='ltr'><strong>sunt</strong></span> <span class='ocrx_word' id='word_1_11' title='bbox 799 311 886 370; x_wconf 87' lang='lat' dir='ltr'><strong>fictae</strong></span> <span class='ocrx_word' id='word_1_12' title='bbox 918 329 937 369; x_wconf 92' lang='lat' dir='ltr'><strong>a</strong></span> <span class='ocrx_word' id='word_1_13' title='bbox 969 308 1090 371; x_wconf 81' lang='lat' dir='ltr'><strong>Graecis</strong></span> 
     </span>
     <span class='ocr_line' id='line_1_3' title="bbox 76 398 1090 476; baseline -0.002 -16"><span class='ocrx_word' id='word_1_14' title='bbox 76 402 183 460; x_wconf 85' lang='lat' dir='ltr'><strong>contra</strong></span> <span class='ocrx_word' id='word_1_15' title='bbox 209 400 274 457; x_wconf 89' lang='lat' dir='ltr'><strong>ueri</strong></span> <span class='ocrx_word' id='word_1_16' title='bbox 302 399 502 475; x_wconf 86' lang='lat' dir='ltr'><strong>propositum,</strong></span> <span class='ocrx_word' id='word_1_17' title='bbox 533 400 718 460; x_wconf 80' lang='lat' dir='ltr'><strong>disseramus.</strong></span> <span class='ocrx_word' id='word_1_18' title='bbox 770 398 910 476; x_wconf 87' lang='lat' dir='ltr'><strong>Oallisto,</strong></span> <span class='ocrx_word' id='word_1_19' title='bbox 941 400 1090 476; x_wconf 86' lang='lat' dir='ltr'><strong>Lycaonis</strong></span> 
     </span>
     <span class='ocr_line' id='line_1_4' title="bbox 74 488 1090 566; baseline 0 -18"><span class='ocrx_word' id='word_1_20' title='bbox 74 488 223 548; x_wconf 75' lang='lat' dir='ltr'><strong>Arcadiam</strong></span> <span class='ocrx_word' id='word_1_21' title='bbox 250 489 329 566; x_wconf 87' lang='lat' dir='ltr'><strong>regis</strong></span> <span class='ocrx_word' id='word_1_22' title='bbox 357 489 459 564; x_wconf 90' lang='lat' dir='ltr'><strong>filiam,</strong></span> <span class='ocrx_word' id='word_1_23' title='bbox 484 489 516 546; x_wconf 91' lang='lat' dir='ltr'><strong>in</strong></span> <span class='ocrx_word' id='word_1_24' title='bbox 544 489 690 547; x_wconf 90' lang='lat' dir='ltr'><strong>comitatu</strong></span> <span class='ocrx_word' id='word_1_25' title='bbox 716 488 832 547; x_wconf 86' lang='lat' dir='ltr'><strong>Dianae</strong></span> <span class='ocrx_word' id='word_1_26' title='bbox 860 489 996 565; x_wconf 85' lang='lat' dir='ltr'><strong>Iuppiter</strong></span> <span class='ocrx_word' id='word_1_27' title='bbox 1023 509 1090 548; x_wconf 92' lang='lat' dir='ltr'><strong>cum</strong></span> 
     </span>
     <span class='ocr_line' id='line_1_5' title="bbox 40 576 1090 654; baseline -0.001 -17"><span class='ocrx_word' id='word_1_28' title='bbox 40 590 44 600; x_wconf 90' lang='grc'><em>·</em></span> <span class='ocrx_word' id='word_1_29' title='bbox 76 576 223 653; x_wconf 86' lang='lat' dir='ltr'><strong>uidisset,</strong></span> <span class='ocrx_word' id='word_1_30' title='bbox 245 578 277 636; x_wconf 91' lang='lat' dir='ltr'><strong>in</strong></span> <span class='ocrx_word' id='word_1_31' title='bbox 306 596 436 636; x_wconf 88' lang='lat' dir='ltr'><strong>amorem</strong></span> <span class='ocrx_word' id='word_1_32' title='bbox 460 578 522 636; x_wconf 89' lang='lat' dir='ltr'><strong>eius</strong></span> <span class='ocrx_word' id='word_1_33' title='bbox 545 578 652 637; x_wconf 89' lang='lat' dir='ltr'><strong>incidit</strong></span> <span class='ocrx_word' id='word_1_34' title='bbox 673 580 836 653; x_wconf 85' lang='lat' dir='ltr'><strong>nactusque</strong></span> <span class='ocrx_word' id='word_1_35' title='bbox 859 596 878 637; x_wconf 87' lang='lat' dir='ltr'><strong>a</strong></span> <span class='ocrx_word' id='word_1_36' title='bbox 900 578 1023 654; x_wconf 90' lang='lat' dir='ltr'><strong>reliquis</strong></span> <span class='ocrx_word' id='word_1_37' title='bbox 1046 597 1090 636; x_wconf 93' lang='lat' dir='ltr'><strong>se-</strong></span> 
     </span>
     <span class='ocr_line' id='line_1_6' title="bbox 48 667 1090 745; baseline 0.001 -19"><span class='ocrx_word' id='word_1_38' title='bbox 48 669 235 745; x_wconf 77' lang='lat' dir='ltr'><strong>sgregatam</strong></span> <span class='ocrx_word' id='word_1_39' title='bbox 257 667 406 742; x_wconf 84' lang='lat' dir='ltr'><strong>nymphis,</strong></span> <span class='ocrx_word' id='word_1_40' title='bbox 428 667 460 725; x_wconf 91' lang='lat' dir='ltr'><strong>in</strong></span> <span class='ocrx_word' id='word_1_41' title='bbox 478 667 608 725; x_wconf 79' lang='lat' dir='ltr'><strong>Dianam</strong></span> <span class='ocrx_word' id='word_1_42' title='bbox 631 669 765 726; x_wconf 91' lang='lat' dir='ltr'><strong>mutatus</strong></span> <span class='ocrx_word' id='word_1_43' title='bbox 783 668 994 743; x_wconf 89' lang='lat' dir='ltr'><strong>seductamque</strong></span> <span class='ocrx_word' id='word_1_44' title='bbox 1012 687 1090 727; x_wconf 91' lang='lat' dir='ltr'><strong>oom-</strong></span> 
     </span>
     <span class='ocr_line' id='line_1_7' title="bbox 75 755 1091 832; baseline 0.002 -18"><span class='ocrx_word' id='word_1_45' title='bbox 75 756 187 832; x_wconf 80' lang='lat' dir='ltr'><strong>pressit</strong></span> <span class='ocrx_word' id='word_1_46' title='bbox 205 758 236 814; x_wconf 92' lang='lat' dir='ltr'><strong>et</strong></span> <span class='ocrx_word' id='word_1_47' title='bbox 253 755 410 832; x_wconf 88' lang='lat' dir='ltr'><strong>grauidam</strong></span> <span class='ocrx_word' id='word_1_48' title='bbox 428 756 507 815; x_wconf 86' lang='lat' dir='ltr'><strong>fecit.</strong></span> <span class='ocrx_word' id='word_1_49' title='bbox 531 756 614 815; x_wconf 90' lang='lat' dir='ltr'><strong>ouius</strong></span> <span class='ocrx_word' id='word_1_50' title='bbox 633 775 701 815; x_wconf 92' lang='lat' dir='ltr'><strong>cum</strong></span> <span class='ocrx_word' id='word_1_51' title='bbox 718 757 830 815; x_wconf 88' lang='lat' dir='ltr'><strong>crimen</strong></span> <span class='ocrx_word' id='word_1_52' title='bbox 844 774 975 816; x_wconf 78' lang='lat' dir='ltr'><strong>crescens</strong></span> <span class='ocrx_word' id='word_1_53' title='bbox 988 759 1091 816; x_wconf 88' lang='lat' dir='ltr'><strong>uterus</strong></span> 
     </span>
     <span class='ocr_line' id='line_1_8' title="bbox 75 844 1091 922; baseline 0 -18"><span class='ocrx_word' id='word_1_54' title='bbox 75 845 230 922; x_wconf 80' lang='lat' dir='ltr'><strong>proderet,</strong></span> <span class='ocrx_word' id='word_1_55' title='bbox 265 844 424 921; x_wconf 85' lang='lat' dir='ltr'><strong>indignata</strong></span> <span class='ocrx_word' id='word_1_56' title='bbox 455 845 554 902; x_wconf 88' lang='lat' dir='ltr'><strong>Diana</strong></span> <span class='ocrx_word' id='word_1_57' title='bbox 591 845 736 904; x_wconf 84' lang='lat' dir='ltr'><strong>comitatu</strong></span> <span class='ocrx_word' id='word_1_58' title='bbox 768 863 821 904; x_wconf 91' lang='lat' dir='ltr'><strong>suo</strong></span> <span class='ocrx_word' id='word_1_59' title='bbox 853 864 920 904; x_wconf 90' lang='lat' dir='ltr'><strong>eam</strong></span> <span class='ocrx_word' id='word_1_60' title='bbox 950 847 1091 922; x_wconf 80' lang='lat' dir='ltr'><strong>reppulit.</strong></span> 
     </span>
     <span class='ocr_line' id='line_1_9' title="bbox 79 933 1092 1010; baseline 0 -18"><span class='ocrx_word' id='word_1_61' title='bbox 79 952 155 1010; x_wconf 88' lang='lat' dir='ltr'><strong>quae</strong></span> <span class='ocrx_word' id='word_1_62' title='bbox 188 934 299 992; x_wconf 86' lang='lat' dir='ltr'><strong>ex&#39;aotis</strong></span> <span class='ocrx_word' id='word_1_63' title='bbox 327 933 427 993; x_wconf 90' lang='lat' dir='ltr'><strong>decem</strong></span> <span class='ocrx_word' id='word_1_64' title='bbox 454 934 604 992; x_wconf 90' lang='lat' dir='ltr'><strong>mensibus</strong></span> <span class='ocrx_word' id='word_1_65' title='bbox 635 934 722 992; x_wconf 88' lang='lat' dir='ltr'><strong>enixa</strong></span> <span class='ocrx_word' id='word_1_66' title='bbox 754 937 800 993; x_wconf 87' lang='lat' dir='ltr'><strong>est</strong></span> <span class='ocrx_word' id='word_1_67' title='bbox 829 935 1006 1010; x_wconf 86' lang='lat' dir='ltr'><strong>paruulum,</strong></span> <span class='ocrx_word' id='word_1_68' title='bbox 1040 936 1092 1010; x_wconf 92' lang='lat' dir='ltr'><strong>qui</strong></span> 
     </span>
     <span class='ocr_line' id='line_1_10' title="bbox 76 1022 1092 1100; baseline 0 -19"><span class='ocrx_word' id='word_1_69' title='bbox 76 1024 172 1082; x_wconf 85' lang='lat' dir='ltr'><strong>Arcas</strong></span> <span class='ocrx_word' id='word_1_70' title='bbox 195 1022 422 1099; x_wconf 86' lang='lat' dir='ltr'><strong>cognominatus</strong></span> <span class='ocrx_word' id='word_1_71' title='bbox 445 1025 498 1081; x_wconf 89' lang='lat' dir='ltr'><strong>est.</strong></span> <span class='ocrx_word' id='word_1_72' title='bbox 534 1022 692 1100; x_wconf 87' lang='lat' dir='ltr'><strong>indignata</strong></span> <span class='ocrx_word' id='word_1_73' title='bbox 709 1023 794 1098; x_wconf 93' lang='lat' dir='ltr'><strong>Iuno,</strong></span> <span class='ocrx_word' id='word_1_74' title='bbox 818 1023 897 1098; x_wconf 91' lang='lat' dir='ltr'><strong>quod</strong></span> <span class='ocrx_word' id='word_1_75' title='bbox 914 1024 1020 1098; x_wconf 79' lang='lat' dir='ltr'><strong>paelex</strong></span> <span class='ocrx_word' id='word_1_76' title='bbox 1038 1042 1092 1082; x_wconf 88' lang='lat' dir='ltr'><strong>sua</strong></span> 
     </span>
     <span class='ocr_line' id='line_1_11' title="bbox 35 1110 1092 1187; baseline 0.001 -18"><span class='ocrx_word' id='word_1_77' title='bbox 35 1130 64 1169; x_wconf 87' lang='lat' dir='ltr'><strong>ro</strong></span> <span class='ocrx_word' id='word_1_78' title='bbox 78 1132 114 1171; x_wconf 87' lang='lat' dir='ltr'><strong>ex</strong></span> <span class='ocrx_word' id='word_1_79' title='bbox 132 1112 204 1171; x_wconf 92' lang='lat' dir='ltr'><strong>Ioue</strong></span> <span class='ocrx_word' id='word_1_80' title='bbox 223 1111 315 1171; x_wconf 91' lang='lat' dir='ltr'><strong>etiam</strong></span> <span class='ocrx_word' id='word_1_81' title='bbox 333 1113 430 1170; x_wconf 85' lang='lat' dir='ltr'><strong>mater</strong></span> <span class='ocrx_word' id='word_1_82' title='bbox 447 1114 541 1187; x_wconf 88' lang='lat' dir='ltr'><strong>esset,</strong></span> <span class='ocrx_word' id='word_1_83' title='bbox 565 1110 689 1171; x_wconf 87' lang='lat' dir='ltr'><strong>Oallisto</strong></span> <span class='ocrx_word' id='word_1_84' title='bbox 707 1112 801 1170; x_wconf 85' lang='lat' dir='ltr'><strong>uertit</strong></span> <span class='ocrx_word' id='word_1_85' title='bbox 818 1111 850 1169; x_wconf 91' lang='lat' dir='ltr'><strong>in</strong></span> <span class='ocrx_word' id='word_1_86' title='bbox 867 1129 976 1170; x_wconf 89' lang='lat' dir='ltr'><strong>ursam.</strong></span> <span class='ocrx_word' id='word_1_87' title='bbox 1009 1113 1092 1171; x_wconf 89' lang='lat' dir='ltr'><strong>cuius</strong></span> 
     </span>
     <span class='ocr_line' id='line_1_12' title="bbox 77 1200 1092 1276; baseline 0 -17"><span class='ocrx_word' id='word_1_88' title='bbox 77 1201 158 1259; x_wconf 91' lang='lat' dir='ltr'><strong>filius</strong></span> <span class='ocrx_word' id='word_1_89' title='bbox 175 1200 270 1259; x_wconf 81' lang='lat' dir='ltr'><strong>Arcas</strong></span> <span class='ocrx_word' id='word_1_90' title='bbox 290 1219 358 1259; x_wconf 89' lang='lat' dir='ltr'><strong>oum</strong></span> <span class='ocrx_word' id='word_1_91' title='bbox 381 1203 459 1260; x_wconf 87' lang='lat' dir='ltr'><strong>esset</strong></span> <span class='ocrx_word' id='word_1_92' title='bbox 481 1200 512 1259; x_wconf 90' lang='lat' dir='ltr'><strong>in</strong></span> <span class='ocrx_word' id='word_1_93' title='bbox 535 1201 671 1259; x_wconf 88' lang='lat' dir='ltr'><strong>adultam</strong></span> <span class='ocrx_word' id='word_1_94' title='bbox 693 1201 853 1276; x_wconf 89' lang='lat' dir='ltr'><strong>perductus</strong></span> <span class='ocrx_word' id='word_1_95' title='bbox 876 1202 1014 1276; x_wconf 85' lang='lat' dir='ltr'><strong>aetatem,</strong></span> <span class='ocrx_word' id='word_1_96' title='bbox 1037 1202 1092 1259; x_wconf 92' lang='lat' dir='ltr'><strong>im·</strong></span> 
     </span>
     <span class='ocr_line' id='line_1_13' title="bbox 77 1289 1135 1366; baseline 0.001 -18"><span class='ocrx_word' id='word_1_97' title='bbox 77 1290 209 1366; x_wconf 88' lang='lat' dir='ltr'><strong>prudens</strong></span> <span class='ocrx_word' id='word_1_98' title='bbox 235 1290 267 1347; x_wconf 91' lang='lat' dir='ltr'><strong>in</strong></span> <span class='ocrx_word' id='word_1_99' title='bbox 294 1291 421 1348; x_wconf 86' lang='lat' dir='ltr'><strong>matrem</strong></span> <span class='ocrx_word' id='word_1_100' title='bbox 449 1289 557 1349; x_wconf 78' lang='lat' dir='ltr'><strong>incidit</strong></span> <span class='ocrx_word' id='word_1_101' title='bbox 577 1307 736 1365; x_wconf 83' lang='lat' dir='ltr'><strong>ursumque</strong></span> <span class='ocrx_word' id='word_1_102' title='bbox 765 1290 886 1348; x_wconf 90' lang='lat' dir='ltr'><strong>credens</strong></span> <span class='ocrx_word' id='word_1_103' title='bbox 912 1289 1003 1348; x_wconf 87' lang='lat' dir='ltr'><strong>misso</strong></span> <span class='ocrx_word' id='word_1_104' title='bbox 1030 1289 1092 1349; x_wconf 90' lang='lat' dir='ltr'><strong>telo</strong></span> <span class='ocrx_word' id='word_1_105' title='bbox 1129 1305 1135 1314; x_wconf 84' lang='grc'><strong><em>’</em></strong></span> 
     </span>
     <span class='ocr_line' id='line_1_14' title="bbox 78 1369 1094 1456; baseline -0.003 -18"><span class='ocrx_word' id='word_1_106' title='bbox 78 1398 146 1438; x_wconf 88' lang='lat' dir='ltr'><strong>eam</strong></span> <span class='ocrx_word' id='word_1_107' title='bbox 173 1378 317 1455; x_wconf 88' lang='lat' dir='ltr'><strong>perimere</strong></span> <span class='ocrx_word' id='word_1_108' title='bbox 346 1378 452 1438; x_wconf 90' lang='lat' dir='ltr'><strong>uoluit.</strong></span> <span class='ocrx_word' id='word_1_109' title='bbox 498 1397 559 1437; x_wconf 91' lang='lat' dir='ltr'><strong>non</strong></span> <span class='ocrx_word' id='word_1_110' title='bbox 582 1369 725 1437; x_wconf 74' lang='lat' dir='ltr'><strong>sustinuit</strong></span> <span class='ocrx_word' id='word_1_111' title='bbox 738 1378 882 1456; x_wconf 82' lang='lat' dir='ltr'><strong>¹Iuppiter</strong></span> <span class='ocrx_word' id='word_1_112' title='bbox 903 1378 1094 1455; x_wconf 79' lang='lat' dir='ltr'><strong>ignorantem</strong></span> 
     </span>
     <span class='ocr_line' id='line_1_15' title="bbox 78 1467 1092 1544; baseline -0.001 -18"><span class='ocrx_word' id='word_1_113' title='bbox 78 1467 275 1544; x_wconf 86' lang='lat' dir='ltr'><strong>parricidium</strong></span> <span class='ocrx_word' id='word_1_114' title='bbox 291 1470 464 1544; x_wconf 85' lang='lat' dir='ltr'><strong>perpetrare</strong></span> <span class='ocrx_word' id='word_1_115' title='bbox 488 1467 649 1543; x_wconf 85' lang='lat' dir='ltr'><strong>statimqne</strong></span> <span class='ocrx_word' id='word_1_116' title='bbox 672 1485 722 1527; x_wconf 90' lang='lat' dir='ltr'><strong>ecs</strong></span> <span class='ocrx_word' id='word_1_117' title='bbox 744 1467 824 1525; x_wconf 84' lang='lat' dir='ltr'><strong>inter</strong></span> <span class='ocrx_word' id='word_1_118' title='bbox 846 1467 943 1526; x_wconf 87' lang='lat' dir='ltr'><strong>sidera</strong></span> <span class='ocrx_word' id='word_1_119' title='bbox 966 1468 1092 1526; x_wconf 90' lang='lat' dir='ltr'><strong>rettulit.</strong></span> 
     </span>
     <span class='ocr_line' id='line_1_16' title="bbox 37 1555 1094 1633; baseline -0.004 -15"><span class='ocrx_word' id='word_1_120' title='bbox 37 1578 65 1618; x_wconf 75' lang='grc' dir='ltr'><strong>ι)</strong></span> <span class='ocrx_word' id='word_1_121' title='bbox 78 1557 132 1615; x_wconf 89' lang='grc'>1110</span> <span class='ocrx_word' id='word_1_122' title='bbox 159 1556 305 1616; x_wconf 81' lang='lat' dir='ltr'><strong>Arcturus</strong></span> <span class='ocrx_word' id='word_1_123' title='bbox 338 1558 368 1614; x_wconf 88' lang='grc'><strong>01</strong></span> <span class='ocrx_word' id='word_1_124' title='bbox 400 1556 460 1614; x_wconf 88' lang='lat' dir='ltr'><strong>alio</strong></span> <span class='ocrx_word' id='word_1_125' title='bbox 489 1556 608 1615; x_wconf 91' lang='lat' dir='ltr'><strong>nomine</strong></span> <span class='ocrx_word' id='word_1_126' title='bbox 635 1555 842 1632; x_wconf 82' lang='lat' dir='ltr'><strong>Arctophylax</strong></span> <span class='ocrx_word' id='word_1_127' title='bbox 872 1558 1007 1633; x_wconf 85' lang='lat' dir='ltr'><strong>uocatur,</strong></span> <span class='ocrx_word' id='word_1_128' title='bbox 1038 1557 1094 1614; x_wconf 90' lang='lat' dir='ltr'><strong>illa</strong></span> 
     </span>
     <span class='ocr_line' id='line_1_17' title="bbox 78 1642 1094 1726; baseline -0.002 -21"><span class='ocrx_word' id='word_1_129' title='bbox 78 1642 188 1726; x_wconf 73' lang='grc' dir='ltr'><strong><em>ἄρκτος</em></strong></span> <span class='ocrx_word' id='word_1_130' title='bbox 211 1644 326 1723; x_wconf 79' lang='grc' dir='ltr'><strong><em>μείζων,</em></strong></span> <span class='ocrx_word' id='word_1_131' title='bbox 348 1645 456 1703; x_wconf 83' lang='lat' dir='ltr'><strong>Latine</strong></span> <span class='ocrx_word' id='word_1_132' title='bbox 479 1645 641 1720; x_wconf 79' lang='lat' dir='ltr'><strong>septentrio</strong></span> <span class='ocrx_word' id='word_1_133' title='bbox 671 1645 768 1703; x_wconf 92' lang='lat' dir='ltr'><strong>maior</strong></span> <span class='ocrx_word' id='word_1_134' title='bbox 790 1644 967 1721; x_wconf 87' lang='lat' dir='ltr'><strong>appellatur.</strong></span> <span class='ocrx_word' id='word_1_135' title='bbox 1015 1646 1094 1720; x_wconf 91' lang='lat' dir='ltr'><strong>quod</strong></span> 
     </span>
     <span class='ocr_line' id='line_1_18' title="bbox 80 1733 1112 1813; baseline -0.002 -19"><span class='ocrx_word' id='word_1_136' title='bbox 80 1735 201 1813; x_wconf 88' lang='lat' dir='ltr'><strong>signum</strong></span> <span class='ocrx_word' id='word_1_137' title='bbox 223 1734 289 1793; x_wconf 86' lang='lat' dir='ltr'><strong>loco</strong></span> <span class='ocrx_word' id='word_1_138' title='bbox 313 1752 374 1793; x_wconf 91' lang='lat' dir='ltr'><strong>non</strong></span> <span class='ocrx_word' id='word_1_139' title='bbox 394 1736 533 1793; x_wconf 90' lang='lat' dir='ltr'><strong>mouetur</strong></span> <span class='ocrx_word' id='word_1_140' title='bbox 555 1754 651 1810; x_wconf 89' lang='lat' dir='ltr'><strong>neque</strong></span> <span class='ocrx_word' id='word_1_141' title='bbox 673 1733 825 1812; x_wconf 82' lang='lat' dir='ltr'><strong>mergitur.</strong></span> <span class='ocrx_word' id='word_1_142' title='bbox 871 1734 984 1809; x_wconf 82' lang='lat' dir='ltr'><strong>Tethys</strong></span> <span class='ocrx_word' id='word_1_143' title='bbox 1007 1735 1112 1810; x_wconf 86' lang='lat' dir='ltr'><strong>enim,—</strong></span> 
     </span>
     <span class='ocr_line' id='line_1_19' title="bbox 79 1821 1095 1899; baseline -0.002 -16"><span class='ocrx_word' id='word_1_144' title='bbox 79 1843 157 1883; x_wconf 88' lang='lat' dir='ltr'><strong>uxor</strong></span> <span class='ocrx_word' id='word_1_145' title='bbox 180 1821 306 1898; x_wconf 79' lang='lat' dir='ltr'><strong>Oceani,</strong></span> <span class='ocrx_word' id='word_1_146' title='bbox 333 1823 435 1881; x_wconf 87' lang='lat' dir='ltr'><strong>nutrix</strong></span> <span class='ocrx_word' id='word_1_147' title='bbox 457 1823 579 1882; x_wconf 92' lang='lat' dir='ltr'><strong>Iunonis</strong></span> <span class='ocrx_word' id='word_1_148' title='bbox 606 1823 677 1898; x_wconf 84' lang='lat' dir='ltr'><strong>fuit,</strong></span> <span class='ocrx_word' id='word_1_149' title='bbox 708 1841 784 1899; x_wconf 88' lang='lat' dir='ltr'><strong>quae</strong></span> <span class='ocrx_word' id='word_1_150' title='bbox 807 1826 929 1898; x_wconf 84' lang='lat' dir='ltr'><strong>propter</strong></span> <span class='ocrx_word' id='word_1_151' title='bbox 956 1823 1095 1882; x_wconf 86' lang='lat' dir='ltr'><strong>affectum</strong></span> 
     </span>
     <span class='ocr_line' id='line_1_20' title="bbox 80 1909 1095 1990; baseline -0.001 -19"><span class='ocrx_word' id='word_1_152' title='bbox 80 1912 215 1972; x_wconf 85' lang='lat' dir='ltr'><strong>nutritae</strong></span> <span class='ocrx_word' id='word_1_153' title='bbox 239 1931 304 1970; x_wconf 88' lang='lat' dir='ltr'><strong>eam</strong></span> <span class='ocrx_word' id='word_1_154' title='bbox 327 1911 467 1988; x_wconf 87' lang='lat' dir='ltr'><strong>prohihet</strong></span> <span class='ocrx_word' id='word_1_155' title='bbox 488 1912 520 1970; x_wconf 92' lang='lat' dir='ltr'><strong>in</strong></span> <span class='ocrx_word' id='word_1_156' title='bbox 540 1909 690 1971; x_wconf 91' lang='lat' dir='ltr'><strong>Oceanum</strong></span> <span class='ocrx_word' id='word_1_157' title='bbox 712 1912 824 1972; x_wconf 89' lang='lat' dir='ltr'><strong>cadere.</strong></span> <span class='ocrx_word' id='word_1_158' title='bbox 852 1912 930 1970; x_wconf 92' lang='lat' dir='ltr'><strong>unde</strong></span> <span class='ocrx_word' id='word_1_159' title='bbox 948 1912 1095 1990; x_wconf 83' lang='lat' dir='ltr'><strong>Virgilius</strong></span> 
     </span>
     <span class='ocr_line' id='line_1_21' title="bbox 39 1995 1094 2080; baseline 0.001 -20"><span class='ocrx_word' id='word_1_160' title='bbox 39 2025 66 2066; x_wconf 80' lang='lat' dir='ltr'><strong>so</strong></span> <span class='ocrx_word' id='word_1_161' title='bbox 80 1999 203 2080; x_wconf 80' lang='lat' dir='ltr'><strong>(georg.</strong></span> <span class='ocrx_word' id='word_1_162' title='bbox 221 2001 237 2059; x_wconf 95' lang='lat' dir='ltr'>I</span> <span class='ocrx_word' id='word_1_163' title='bbox 256 1996 355 2079; x_wconf 82' lang='lat'>246&gt;:</span> <span class='ocrx_word' id='word_1_164' title='bbox 379 1995 497 2061; x_wconf 77' lang='lat' dir='ltr'><strong>‘Arctos</strong></span> <span class='ocrx_word' id='word_1_165' title='bbox 517 1999 627 2060; x_wconf 90' lang='lat' dir='ltr'><strong>Oceani</strong></span> <span class='ocrx_word' id='word_1_166' title='bbox 646 2003 811 2059; x_wconf 89' lang='lat' dir='ltr'><strong>metuentes</strong></span> <span class='ocrx_word' id='word_1_167' title='bbox 830 2019 958 2077; x_wconf 87' lang='lat' dir='ltr'><strong>aequore</strong></span> <span class='ocrx_word' id='word_1_168' title='bbox 975 1996 1094 2079; x_wconf 88' lang='lat' dir='ltr'><strong>tingui&#39;.</strong></span> 
     </span>
     <span class='ocr_line' id='line_1_22' title="bbox 151 2090 1095 2166; baseline 0.001 -18"><span class='ocrx_word' id='word_1_169' title='bbox 151 2090 214 2151; x_wconf 83' lang='lat'><strong>688</strong></span> <span class='ocrx_word' id='word_1_170' title='bbox 234 2107 344 2148; x_wconf 71' lang='lat' dir='ltr'><strong>nmmos</strong></span> <span class='ocrx_word' id='word_1_171' title='bbox 360 2106 463 2149; x_wconf 75' lang='lat' dir='ltr'><strong>socon</strong></span> <span class='ocrx_word' id='word_1_172' title='bbox 480 2107 585 2148; x_wconf 67' lang='lat' dir='ltr'><strong>aaran</strong></span> <span class='ocrx_word' id='word_1_173' title='bbox 603 2090 762 2166; x_wconf 69' lang='lat' dir='ltr'><strong>intellegis</strong></span> <span class='ocrx_word' id='word_1_174' title='bbox 780 2092 875 2165; x_wconf 90' lang='lat' dir='ltr'><strong>pater,</strong></span> <span class='ocrx_word' id='word_1_175' title='bbox 894 2108 1014 2148; x_wconf 86' lang='lat' dir='ltr'><strong>causam</strong></span> <span class='ocrx_word' id='word_1_176' title='bbox 1033 2109 1095 2150; x_wconf 91' lang='lat' dir='ltr'><strong>esse</strong></span> 
     </span>
     <span class='ocr_line' id='line_1_23' title="bbox 80 2178 1098 2255; baseline -0.001 -17"><span class='ocrx_word' id='word_1_177' title='bbox 80 2179 185 2238; x_wconf 89' lang='lat' dir='ltr'><strong>mariti</strong></span> <span class='ocrx_word' id='word_1_178' title='bbox 212 2179 312 2237; x_wconf 88' lang='lat' dir='ltr'><strong>uxoris</strong></span> <span class='ocrx_word' id='word_1_179' title='bbox 339 2178 491 2254; x_wconf 85' lang='lat' dir='ltr'><strong>lacrimas,</strong></span> <span class='ocrx_word' id='word_1_180' title='bbox 522 2181 553 2237; x_wconf 88' lang='lat' dir='ltr'><strong>et</strong></span> <span class='ocrx_word' id='word_1_181' title='bbox 579 2179 604 2237; x_wconf 90' lang='lat' dir='ltr'><strong>si</strong></span> <span class='ocrx_word' id='word_1_182' title='bbox 631 2179 736 2255; x_wconf 89' lang='lat' dir='ltr'><strong>lingua</strong></span> <span class='ocrx_word' id='word_1_183' title='bbox 762 2179 821 2236; x_wconf 90' lang='lat' dir='ltr'><strong>mei</strong></span> <span class='ocrx_word' id='word_1_184' title='bbox 849 2179 942 2236; x_wconf 91' lang='lat' dir='ltr'><strong>animi</strong></span> <span class='ocrx_word' id='word_1_185' title='bbox 969 2198 1029 2238; x_wconf 94' lang='lat' dir='ltr'><strong>non</strong></span> <span class='ocrx_word' id='word_1_186' title='bbox 1057 2180 1098 2238; x_wconf 91' lang='lat' dir='ltr'><strong>sit</strong></span> 
     </span>
     <span class='ocr_line' id='line_1_24' title="bbox 79 2269 238 2343; baseline -0.006 -17"><span class='ocrx_word' id='word_1_187' title='bbox 79 2269 238 2343; x_wconf 86' lang='lat' dir='ltr'><strong>interpres.</strong></span> 
     </span>
    </p>
   </div>
   <div class='ocr_carea' id='block_1_3' title="bbox 69 2453 1189 3593">
    <p class='ocr_par' dir='ltr' id='par_1_3' title="bbox 80 2453 1097 2585">
     <span class='ocr_line' id='line_1_25' title="bbox 82 2453 1097 2585; baseline -0.001 -76"><span class='ocrx_word' id='word_1_188' title='bbox 82 2455 422 2585; x_wconf 42' lang='grc'>01110111011101000101100</span> <span class='ocrx_word' id='word_1_189' title='bbox 444 2454 556 2523; x_wconf 79' lang='grc'>100000)</span> <span class='ocrx_word' id='word_1_190' title='bbox 574 2458 612 2507; x_wconf 91' lang='grc' dir='ltr'><strong>ΡΙ)</strong></span> <span class='ocrx_word' id='word_1_191' title='bbox 652 2455 725 2509; x_wconf 78' lang='lat' dir='ltr'><strong>hunc</strong></span> <span class='ocrx_word' id='word_1_192' title='bbox 747 2453 864 2510; x_wconf 74' lang='lat' dir='ltr'><strong>Horaerc‘</strong></span> <span class='ocrx_word' id='word_1_193' title='bbox 884 2469 995 2509; x_wconf 79' lang='lat' dir='ltr'><strong>uersam</strong></span> <span class='ocrx_word' id='word_1_194' title='bbox 1014 2454 1097 2509; x_wconf 84' lang='lat' dir='ltr'><strong>latere</strong></span> 
     </span>
     <span class='ocr_line' id='line_1_26' title="bbox 80 2541 304 2581; baseline 0 -1"><span class='ocrx_word' id='word_1_195' title='bbox 80 2544 103 2580; x_wconf 78' lang='lat' dir='ltr'><strong>u</strong></span> <span class='ocrx_word' id='word_1_196' title='bbox 133 2544 145 2580; x_wconf 79' lang='lat' dir='ltr'><strong>e</strong></span> <span class='ocrx_word' id='word_1_197' title='bbox 204 2541 304 2581; x_wconf 82' lang='lat' dir='ltr'><strong>omer.</strong></span> 
     </span>
    </p>

    <p class='ocr_par' dir='ltr' id='par_1_4' title="bbox 81 2592 1148 3167">
     <span class='ocr_line' id='line_1_27' title="bbox 156 2592 1148 2669; baseline 0 -19"><span class='ocrx_word' id='word_1_198' title='bbox 156 2602 171 2650; x_wconf 94' lang='lat'>1</span> <span class='ocrx_word' id='word_1_199' title='bbox 191 2594 287 2651; x_wconf 87' lang='lat' dir='ltr'><strong>fabule</strong></span> <span class='ocrx_word' id='word_1_200' title='bbox 305 2602 357 2650; x_wconf 70' lang='grc' dir='ltr'><strong>ΗΡ</strong></span> <span class='ocrx_word' id='word_1_201' title='bbox 373 2597 424 2667; x_wconf 84' lang='grc'>11))</span> <span class='ocrx_word' id='word_1_202' title='bbox 437 2613 487 2652; x_wconf 84' lang='lat' dir='ltr'><strong>cm.</strong></span> <span class='ocrx_word' id='word_1_203' title='bbox 501 2602 538 2649; x_wconf 94' lang='grc' dir='ltr'><strong>ΡΙ)</strong></span> <span class='ocrx_word' id='word_1_204' title='bbox 555 2595 559 2669; x_wconf 97' lang='grc'><strong>1</strong></span> <span class='ocrx_word' id='word_1_205' title='bbox 575 2592 787 2667; x_wconf 79' lang='lat' dir='ltr'><strong>inscriptionem</strong></span> <span class='ocrx_word' id='word_1_206' title='bbox 800 2601 838 2649; x_wconf 82' lang='lat' dir='ltr'><strong>Pa</strong></span> <span class='ocrx_word' id='word_1_207' title='bbox 850 2598 860 2666; x_wconf 96' lang='grc'><strong>1</strong></span> <span class='ocrx_word' id='word_1_208' title='bbox 874 2602 890 2649; x_wconf 78' lang='lat'><strong>2</strong></span> <span class='ocrx_word' id='word_1_209' title='bbox 910 2595 1097 2651; x_wconf 87' lang='lat' dir='ltr'><strong>edisseramus</strong></span> <span class='ocrx_word' id='word_1_210' title='bbox 1145 2595 1148 2602; x_wconf 85' lang='lat'>&#39;</span> 
     </span>
     <span class='ocr_line' id='line_1_28' title="bbox 81 2666 1097 2740; baseline 0 -19"><span class='ocrx_word' id='word_1_211' title='bbox 81 2667 276 2738; x_wconf 72' lang='lat' dir='ltr'><strong>LlOalyston</strong></span> <span class='ocrx_word' id='word_1_212' title='bbox 297 2673 317 2720; x_wconf 79' lang='grc' dir='ltr'><strong>Ι.</strong></span> <span class='ocrx_word' id='word_1_213' title='bbox 340 2671 349 2739; x_wconf 96' lang='grc'><strong>11</strong></span> <span class='ocrx_word' id='word_1_214' title='bbox 377 2674 393 2722; x_wconf 85' lang='grc'><strong>3</strong></span> <span class='ocrx_word' id='word_1_215' title='bbox 416 2668 490 2740; x_wconf 84' lang='lat' dir='ltr'><strong>regis</strong></span> <span class='ocrx_word' id='word_1_216' title='bbox 514 2666 646 2723; x_wconf 87' lang='lat' dir='ltr'><strong>arcadiae</strong></span> <span class='ocrx_word' id='word_1_217' title='bbox 669 2666 730 2721; x_wconf 86' lang='lat' dir='ltr'><strong>filia</strong></span> <span class='ocrx_word' id='word_1_218' title='bbox 748 2673 784 2720; x_wconf 96' lang='grc' dir='ltr'><strong>ΡΙ)</strong></span> <span class='ocrx_word' id='word_1_219' title='bbox 810 2669 820 2737; x_wconf 94' lang='grc'><strong>11</strong></span> <span class='ocrx_word' id='word_1_220' title='bbox 846 2669 1097 2736; x_wconf 66' lang='lat' dir='ltr'><strong>manentemque</strong></span> 
     </span>
     <span class='ocr_line' id='line_1_29' title="bbox 83 2738 1098 2811; baseline -0.002 -18"><span class='ocrx_word' id='word_1_221' title='bbox 83 2738 1098 2811; x_wconf 64' lang='grc' dir='ltr'>0101101010010101011Ρ11151111010Ρο11601111Ρο11800001011</span> 
     </span>
     <span class='ocr_line' id='line_1_30' title="bbox 82 2809 1098 2881; baseline -0.002 -17"><span class='ocrx_word' id='word_1_222' title='bbox 82 2817 121 2864; x_wconf 84' lang='grc' dir='ltr'><strong>Ρο</strong></span> <span class='ocrx_word' id='word_1_223' title='bbox 144 2813 154 2880; x_wconf 96' lang='grc'><strong>1</strong></span> <span class='ocrx_word' id='word_1_224' title='bbox 181 2812 380 2864; x_wconf 75' lang='grc' dir='ltr'>901010011Ρ</span> <span class='ocrx_word' id='word_1_225' title='bbox 409 2813 413 2880; x_wconf 97' lang='grc'><strong>1</strong></span> <span class='ocrx_word' id='word_1_226' title='bbox 443 2810 642 2881; x_wconf 85' lang='lat' dir='ltr'><strong>cognominata</strong></span> <span class='ocrx_word' id='word_1_227' title='bbox 659 2815 687 2863; x_wconf 81' lang='lat'>1</span> <span class='ocrx_word' id='word_1_228' title='bbox 719 2809 886 2880; x_wconf 88' lang='lat' dir='ltr'><strong>cognomina</strong></span> <span class='ocrx_word' id='word_1_229' title='bbox 904 2817 942 2863; x_wconf 80' lang='grc' dir='ltr'><strong>Ρο</strong></span> <span class='ocrx_word' id='word_1_230' title='bbox 971 2813 975 2880; x_wconf 96' lang='grc'><strong>1</strong></span> <span class='ocrx_word' id='word_1_231' title='bbox 1005 2809 1098 2880; x_wconf 84' lang='lat' dir='ltr'><strong>pellex</strong></span> 
     </span>
     <span class='ocr_line' id='line_1_31' title="bbox 82 2880 1097 3006; baseline -0.001 -71"><span class='ocrx_word' id='word_1_232' title='bbox 82 2887 147 2935; x_wconf 73' lang='lat' dir='ltr'><strong>Hb</strong></span> <span class='ocrx_word' id='word_1_233' title='bbox 179 2881 255 2952; x_wconf 91' lang='lat' dir='ltr'><strong>pelix</strong></span> <span class='ocrx_word' id='word_1_234' title='bbox 273 2887 342 2936; x_wconf 80' lang='lat' dir='ltr'><strong>lll’a</strong></span> <span class='ocrx_word' id='word_1_235' title='bbox 367 2886 371 2952; x_wconf 98' lang='grc'><strong>1</strong></span> <span class='ocrx_word' id='word_1_236' title='bbox 397 2882 456 2936; x_wconf 92' lang='lat' dir='ltr'><strong>eius</strong></span> <span class='ocrx_word' id='word_1_237' title='bbox 475 2881 568 2952; x_wconf 89' lang='lat' dir='ltr'><strong>pellex</strong></span> <span class='ocrx_word' id='word_1_238' title='bbox 586 2883 647 2952; x_wconf 85' lang='lat' dir='ltr'><strong>(om.</strong></span> <span class='ocrx_word' id='word_1_239' title='bbox 667 2884 729 2952; x_wconf 84' lang='lat' dir='ltr'><strong>sua)</strong></span> <span class='ocrx_word' id='word_1_240' title='bbox 748 2887 785 2934; x_wconf 94' lang='grc' dir='ltr'><strong>ΡΙ)</strong></span> <span class='ocrx_word' id='word_1_241' title='bbox 808 2884 817 2951; x_wconf 95' lang='grc'><strong>11</strong></span> <span class='ocrx_word' id='word_1_242' title='bbox 843 2886 876 2934; x_wconf 90' lang='grc'><strong>10</strong></span> <span class='ocrx_word' id='word_1_243' title='bbox 895 2880 1003 3006; x_wconf 66' lang='grc'>0110111</span> <span class='ocrx_word' id='word_1_244' title='bbox 1013 2883 1042 2935; x_wconf 87' lang='grc'><strong>01</strong></span> <span class='ocrx_word' id='word_1_245' title='bbox 1059 2885 1097 2934; x_wconf 83' lang='lat' dir='ltr'><strong>Pa</strong></span> 
     </span>
     <span class='ocr_line' id='line_1_32' title="bbox 82 2950 1097 3024; baseline -0.004 -16"><span class='ocrx_word' id='word_1_246' title='bbox 82 2970 135 3008; x_wconf 83' lang='lat' dir='ltr'><strong>om.</strong></span> <span class='ocrx_word' id='word_1_247' title='bbox 155 2958 193 3006; x_wconf 86' lang='grc' dir='ltr'><strong>ΡΙ)</strong></span> <span class='ocrx_word' id='word_1_248' title='bbox 209 2957 213 3020; x_wconf 96' lang='grc'><strong>1</strong></span> <span class='ocrx_word' id='word_1_249' title='bbox 230 2952 357 3007; x_wconf 87' lang='lat' dir='ltr'><strong>Caliston</strong></span> <span class='ocrx_word' id='word_1_250' title='bbox 375 2958 412 3007; x_wconf 92' lang='grc' dir='ltr'><strong>ΡΙ)</strong></span> <span class='ocrx_word' id='word_1_251' title='bbox 446 2954 580 3024; x_wconf 82' lang='lat' dir='ltr'><strong>calypson</strong></span> <span class='ocrx_word' id='word_1_252' title='bbox 594 2959 632 3006; x_wconf 83' lang='lat' dir='ltr'><strong>Pa</strong></span> <span class='ocrx_word' id='word_1_253' title='bbox 650 2970 718 3009; x_wconf 82' lang='lat' dir='ltr'><strong>corr.</strong></span> <span class='ocrx_word' id='word_1_254' title='bbox 734 2954 766 3007; x_wconf 78' lang='grc'><strong>10</strong></span> <span class='ocrx_word' id='word_1_255' title='bbox 782 2952 910 3021; x_wconf 85' lang='lat' dir='ltr'><strong>calyston</strong></span> <span class='ocrx_word' id='word_1_256' title='bbox 923 2957 950 3005; x_wconf 79' lang='grc' dir='ltr'><strong>ΙΙ</strong></span> <span class='ocrx_word' id='word_1_257' title='bbox 1004 2950 1097 3020; x_wconf 83' lang='lat' dir='ltr'><strong>alysto</strong></span> 
     </span>
     <span class='ocr_line' id='line_1_33' title="bbox 82 3022 1098 3096; baseline -0.002 -19"><span class='ocrx_word' id='word_1_258' title='bbox 82 3029 104 3077; x_wconf 76' lang='lat'><strong>1.</strong></span> <span class='ocrx_word' id='word_1_259' title='bbox 129 3027 134 3095; x_wconf 97' lang='grc'><strong>1</strong></span> <span class='ocrx_word' id='word_1_260' title='bbox 159 3042 225 3078; x_wconf 88' lang='lat' dir='ltr'><strong>ursa</strong></span> <span class='ocrx_word' id='word_1_261' title='bbox 243 3029 281 3078; x_wconf 84' lang='lat' dir='ltr'><strong>Pa</strong></span> <span class='ocrx_word' id='word_1_262' title='bbox 313 3042 379 3078; x_wconf 89' lang='lat' dir='ltr'><strong>ursu</strong></span> <span class='ocrx_word' id='word_1_263' title='bbox 397 3029 434 3078; x_wconf 91' lang='grc' dir='ltr'><strong>ΡΙ)</strong></span> <span class='ocrx_word' id='word_1_264' title='bbox 460 3024 464 3096; x_wconf 97' lang='grc'><strong>1</strong></span> <span class='ocrx_word' id='word_1_265' title='bbox 490 3024 568 3078; x_wconf 89' lang='lat' dir='ltr'><strong>cuius</strong></span> <span class='ocrx_word' id='word_1_266' title='bbox 593 3041 657 3078; x_wconf 91' lang='lat' dir='ltr'><strong>cum</strong></span> <span class='ocrx_word' id='word_1_267' title='bbox 679 3023 754 3078; x_wconf 90' lang='lat' dir='ltr'><strong>filius</strong></span> <span class='ocrx_word' id='word_1_268' title='bbox 778 3024 877 3078; x_wconf 88' lang='lat' dir='ltr'><strong>archas</strong></span> <span class='ocrx_word' id='word_1_269' title='bbox 900 3028 937 3075; x_wconf 91' lang='grc' dir='ltr'><strong>ΡΙ)</strong></span> <span class='ocrx_word' id='word_1_270' title='bbox 967 3025 976 3092; x_wconf 95' lang='grc'><strong>1</strong></span> <span class='ocrx_word' id='word_1_271' title='bbox 1004 3028 1036 3076; x_wconf 90' lang='grc'><strong>11</strong></span> <span class='ocrx_word' id='word_1_272' title='bbox 1056 3022 1098 3075; x_wconf 91' lang='lat' dir='ltr'><strong>in-</strong></span> 
     </span>
     <span class='ocr_line' id='line_1_34' title="bbox 82 3093 1066 3167; baseline -0.004 -17"><span class='ocrx_word' id='word_1_273' title='bbox 82 3095 207 3167; x_wconf 88' lang='lat' dir='ltr'><strong>prudens</strong></span> <span class='ocrx_word' id='word_1_274' title='bbox 234 3100 262 3147; x_wconf 69' lang='lat' dir='ltr'>l</span> <span class='ocrx_word' id='word_1_275' title='bbox 289 3098 298 3166; x_wconf 95' lang='grc'><strong>11</strong></span> <span class='ocrx_word' id='word_1_276' title='bbox 326 3101 359 3149; x_wconf 80' lang='lat'><strong>12</strong></span> <span class='ocrx_word' id='word_1_277' title='bbox 384 3095 497 3149; x_wconf 83' lang='lat' dir='ltr'><strong>credens</strong></span> <span class='ocrx_word' id='word_1_278' title='bbox 523 3112 582 3150; x_wconf 89' lang='grc'>0000</span> <span class='ocrx_word' id='word_1_279' title='bbox 605 3113 700 3150; x_wconf 89' lang='lat' dir='ltr'><strong>ursam</strong></span> <span class='ocrx_word' id='word_1_280' title='bbox 722 3100 759 3149; x_wconf 91' lang='grc' dir='ltr'><strong>ΡΙ)</strong></span> <span class='ocrx_word' id='word_1_281' title='bbox 787 3097 797 3165; x_wconf 99' lang='grc'><strong>11</strong></span> <span class='ocrx_word' id='word_1_282' title='bbox 825 3100 857 3148; x_wconf 88' lang='grc'><strong>13</strong></span> <span class='ocrx_word' id='word_1_283' title='bbox 882 3093 1023 3148; x_wconf 85' lang='lat' dir='ltr'><strong>sustinens</strong></span> <span class='ocrx_word' id='word_1_284' title='bbox 1046 3098 1066 3145; x_wconf 78' lang='grc' dir='ltr'><strong>Ι.</strong></span> 
     </span>
    </p>

    <p class='ocr_par' dir='ltr' id='par_1_5' title="bbox 84 3164 1062 3235">
     <span class='ocr_line' id='line_1_35' title="bbox 84 3164 1062 3235; baseline -0.004 -14"><span class='ocrx_word' id='word_1_285' title='bbox 84 3172 120 3221; x_wconf 82' lang='lat'><strong>14</strong></span> <span class='ocrx_word' id='word_1_286' title='bbox 138 3167 293 3235; x_wconf 85' lang='lat' dir='ltr'><strong>statimque</strong></span> <span class='ocrx_word' id='word_1_287' title='bbox 319 3184 387 3222; x_wconf 79' lang='lat' dir='ltr'><strong>corr.</strong></span> <span class='ocrx_word' id='word_1_288' title='bbox 407 3184 441 3221; x_wconf 80' lang='lat' dir='ltr'><strong>ex</strong></span> <span class='ocrx_word' id='word_1_289' title='bbox 459 3165 557 3220; x_wconf 86' lang='lat' dir='ltr'><strong>statim</strong></span> <span class='ocrx_word' id='word_1_290' title='bbox 574 3172 602 3219; x_wconf 72' lang='lat'>1</span> <span class='ocrx_word' id='word_1_291' title='bbox 642 3168 672 3221; x_wconf 87' lang='grc'><strong>01</strong></span> <span class='ocrx_word' id='word_1_292' title='bbox 690 3166 787 3221; x_wconf 83' lang='lat' dir='ltr'><strong>statim</strong></span> <span class='ocrx_word' id='word_1_293' title='bbox 806 3171 842 3219; x_wconf 90' lang='grc' dir='ltr'><strong>ΡΙ)</strong></span> <span class='ocrx_word' id='word_1_294' title='bbox 885 3164 983 3219; x_wconf 88' lang='lat' dir='ltr'><strong>statim</strong></span> <span class='ocrx_word' id='word_1_295' title='bbox 1000 3170 1062 3217; x_wconf 80' lang='grc' dir='ltr'><strong>1.Ρο</strong></span> 
     </span>
    </p>

    <p class='ocr_par' dir='ltr' id='par_1_6' title="bbox 69 3236 1075 3310">
     <span class='ocr_line' id='line_1_36' title="bbox 69 3236 1075 3310; baseline -0.004 -18"><span class='ocrx_word' id='word_1_296' title='bbox 69 3243 119 3304; x_wconf 46' lang='grc' dir='ltr'><strong>ν115</strong></span> <span class='ocrx_word' id='word_1_297' title='bbox 135 3241 246 3293; x_wconf 77' lang='lat' dir='ltr'><strong>erectus</strong></span> <span class='ocrx_word' id='word_1_298' title='bbox 262 3245 301 3291; x_wconf 79' lang='lat' dir='ltr'><strong>Pe</strong></span> <span class='ocrx_word' id='word_1_299' title='bbox 316 3239 320 3310; x_wconf 95' lang='grc'><strong>1</strong></span> <span class='ocrx_word' id='word_1_300' title='bbox 338 3237 549 3292; x_wconf 80' lang='grc' dir='ltr'>0101101101Ρο</span> <span class='ocrx_word' id='word_1_301' title='bbox 576 3236 757 3308; x_wconf 81' lang='lat' dir='ltr'><strong>arctophilax</strong></span> <span class='ocrx_word' id='word_1_302' title='bbox 770 3242 807 3290; x_wconf 91' lang='grc' dir='ltr'><strong>ΡΙ)</strong></span> <span class='ocrx_word' id='word_1_303' title='bbox 824 3239 828 3306; x_wconf 96' lang='grc'><strong>1</strong></span> <span class='ocrx_word' id='word_1_304' title='bbox 844 3236 1025 3292; x_wconf 86' lang='lat' dir='ltr'><strong>nominantur</strong></span> <span class='ocrx_word' id='word_1_305' title='bbox 1038 3241 1075 3289; x_wconf 92' lang='grc' dir='ltr'><strong>ΡΙ)</strong></span> 
     </span>
    </p>

    <p class='ocr_par' dir='ltr' id='par_1_7' title="bbox 83 3306 1189 3593">
     <span class='ocr_line' id='line_1_37' title="bbox 86 3306 1099 3380; baseline -0.004 -17"><span class='ocrx_word' id='word_1_306' title='bbox 86 3315 120 3364; x_wconf 83' lang='grc'><strong>16</strong></span> <span class='ocrx_word' id='word_1_307' title='bbox 139 3309 234 3364; x_wconf 85' lang='lat' dir='ltr'><strong>mizon</strong></span> <span class='ocrx_word' id='word_1_308' title='bbox 255 3314 307 3362; x_wconf 70' lang='grc' dir='ltr'><strong>ΗΡ</strong></span> <span class='ocrx_word' id='word_1_309' title='bbox 339 3311 471 3380; x_wconf 69' lang='grc' dir='ltr'><em>μείζονι</em></span> <span class='ocrx_word' id='word_1_310' title='bbox 501 3310 505 3379; x_wconf 97' lang='grc'><strong>1</strong></span> <span class='ocrx_word' id='word_1_311' title='bbox 535 3309 709 3379; x_wconf 86' lang='lat' dir='ltr'><strong>septentrion</strong></span> <span class='ocrx_word' id='word_1_312' title='bbox 730 3315 768 3361; x_wconf 81' lang='grc' dir='ltr'><strong>Ρο</strong></span> <span class='ocrx_word' id='word_1_313' title='bbox 795 3310 804 3378; x_wconf 95' lang='grc'><strong>11</strong></span> <span class='ocrx_word' id='word_1_314' title='bbox 832 3314 865 3362; x_wconf 81' lang='grc'><strong>17</strong></span> <span class='ocrx_word' id='word_1_315' title='bbox 888 3306 986 3362; x_wconf 83' lang='lat' dir='ltr'><strong>Thetis</strong></span> <span class='ocrx_word' id='word_1_316' title='bbox 1005 3312 1099 3360; x_wconf 80' lang='lat' dir='ltr'><strong>Llll’a</strong></span> 
     </span>
     <span class='ocr_line' id='line_1_38' title="bbox 83 3378 1143 3450; baseline -0.003 -15"><span class='ocrx_word' id='word_1_317' title='bbox 83 3380 173 3435; x_wconf 82' lang='lat' dir='ltr'><strong>tathis</strong></span> <span class='ocrx_word' id='word_1_318' title='bbox 191 3386 228 3434; x_wconf 90' lang='grc' dir='ltr'><strong>ΡΙ)</strong></span> <span class='ocrx_word' id='word_1_319' title='bbox 247 3383 257 3450; x_wconf 94' lang='grc'><strong>11</strong></span> <span class='ocrx_word' id='word_1_320' title='bbox 276 3386 309 3434; x_wconf 87' lang='lat'><strong>18</strong></span> <span class='ocrx_word' id='word_1_321' title='bbox 328 3397 414 3449; x_wconf 88' lang='lat' dir='ltr'><strong>quam</strong></span> <span class='ocrx_word' id='word_1_322' title='bbox 431 3386 468 3433; x_wconf 89' lang='grc' dir='ltr'><strong>ΡΙ)</strong></span> <span class='ocrx_word' id='word_1_323' title='bbox 489 3383 499 3450; x_wconf 95' lang='grc'><strong>11</strong></span> <span class='ocrx_word' id='word_1_324' title='bbox 522 3385 555 3433; x_wconf 88' lang='grc'><strong>19</strong></span> <span class='ocrx_word' id='word_1_325' title='bbox 573 3379 682 3434; x_wconf 86' lang='lat' dir='ltr'><strong>nutrice</strong></span> <span class='ocrx_word' id='word_1_326' title='bbox 700 3384 737 3432; x_wconf 90' lang='grc' dir='ltr'><strong>ΡΙ)</strong></span> <span class='ocrx_word' id='word_1_327' title='bbox 770 3397 839 3434; x_wconf 80' lang='lat' dir='ltr'><strong>corr.</strong></span> <span class='ocrx_word' id='word_1_328' title='bbox 858 3382 890 3434; x_wconf 78' lang='grc'><strong>1))</strong></span> <span class='ocrx_word' id='word_1_329' title='bbox 906 3378 1024 3433; x_wconf 84' lang='lat' dir='ltr'><strong>nutricis</strong></span> <span class='ocrx_word' id='word_1_330' title='bbox 1043 3385 1071 3432; x_wconf 73' lang='grc'><strong>11</strong></span> <span class='ocrx_word' id='word_1_331' title='bbox 1140 3442 1143 3446; x_wconf 42' lang='grc'><strong>,</strong></span> 
     </span>
     <span class='ocr_line' id='line_1_39' title="bbox 83 3449 1189 3522; baseline -0.002 -17"><span class='ocrx_word' id='word_1_332' title='bbox 83 3452 249 3522; x_wconf 86' lang='lat' dir='ltr'><strong>prohiberet</strong></span> <span class='ocrx_word' id='word_1_333' title='bbox 266 3457 336 3504; x_wconf 80' lang='lat' dir='ltr'><strong>lss’a</strong></span> <span class='ocrx_word' id='word_1_334' title='bbox 368 3450 514 3521; x_wconf 89' lang='lat' dir='ltr'><strong>prohibuit</strong></span> <span class='ocrx_word' id='word_1_335' title='bbox 531 3456 568 3504; x_wconf 92' lang='grc' dir='ltr'><strong>Ρ1)</strong></span> <span class='ocrx_word' id='word_1_336' title='bbox 593 3454 597 3521; x_wconf 96' lang='grc'><strong>1</strong></span> <span class='ocrx_word' id='word_1_337' title='bbox 621 3450 709 3522; x_wconf 87' lang='lat' dir='ltr'><strong>unde]</strong></span> <span class='ocrx_word' id='word_1_338' title='bbox 728 3453 760 3504; x_wconf 88' lang='lat' dir='ltr'><strong>ut</strong></span> <span class='ocrx_word' id='word_1_339' title='bbox 777 3457 816 3503; x_wconf 84' lang='lat' dir='ltr'><strong>Pa</strong></span> <span class='ocrx_word' id='word_1_340' title='bbox 836 3452 845 3520; x_wconf 96' lang='grc'><strong>11</strong></span> <span class='ocrx_word' id='word_1_341' title='bbox 865 3455 900 3504; x_wconf 76' lang='grc'><strong>20</strong></span> <span class='ocrx_word' id='word_1_342' title='bbox 918 3449 992 3522; x_wconf 85' lang='lat' dir='ltr'><strong>tingi</strong></span> <span class='ocrx_word' id='word_1_343' title='bbox 1010 3455 1071 3503; x_wconf 68' lang='lat' dir='ltr'><strong>nab</strong></span> <span class='ocrx_word' id='word_1_344' title='bbox 1095 3449 1100 3522; x_wconf 93' lang='grc'><strong>1</strong></span> <span class='ocrx_word' id='word_1_345' title='bbox 1188 3485 1189 3488; x_wconf 60' lang='lat'><em>=</em></span> 
     </span>
     <span class='ocr_line' id='line_1_40' title="bbox 85 3521 1099 3593; baseline -0.004 -16"><span class='ocrx_word' id='word_1_346' title='bbox 85 3529 119 3577; x_wconf 78' lang='lat'><strong>21</strong></span> <span class='ocrx_word' id='word_1_347' title='bbox 140 3522 270 3593; x_wconf 87' lang='lat' dir='ltr'><strong>intellige</strong></span> <span class='ocrx_word' id='word_1_348' title='bbox 288 3528 325 3576; x_wconf 88' lang='grc' dir='ltr'><strong>ΡΙ)</strong></span> <span class='ocrx_word' id='word_1_349' title='bbox 340 3525 349 3593; x_wconf 96' lang='grc'><strong>11</strong></span> <span class='ocrx_word' id='word_1_350' title='bbox 364 3529 396 3576; x_wconf 78' lang='lat'><strong>22</strong></span> <span class='ocrx_word' id='word_1_351' title='bbox 415 3522 512 3576; x_wconf 86' lang='lat' dir='ltr'><strong>mariti</strong></span> <span class='ocrx_word' id='word_1_352' title='bbox 531 3539 616 3576; x_wconf 85' lang='lat' dir='ltr'><strong>causa</strong></span> <span class='ocrx_word' id='word_1_353' title='bbox 634 3521 718 3576; x_wconf 74' lang='lat' dir='ltr'><strong>esse?</strong></span> <span class='ocrx_word' id='word_1_354' title='bbox 733 3524 738 3590; x_wconf 92' lang='grc'><strong>1</strong></span> <span class='ocrx_word' id='word_1_355' title='bbox 753 3521 856 3576; x_wconf 87' lang='lat' dir='ltr'><strong>marito</strong></span> <span class='ocrx_word' id='word_1_356' title='bbox 874 3527 911 3575; x_wconf 83' lang='lat' dir='ltr'><strong>Pb</strong></span> <span class='ocrx_word' id='word_1_357' title='bbox 942 3521 1043 3576; x_wconf 89' lang='lat' dir='ltr'><strong>merito</strong></span> <span class='ocrx_word' id='word_1_358' title='bbox 1061 3528 1099 3574; x_wconf 78' lang='grc' dir='ltr'><strong>Ρο</strong></span> 
     </span>
    </p>
   </div>
   <div class='ocr_carea' id='block_1_4' title="bbox 0 0 1223 3936">
    <p class='ocr_par' dir='ltr' id='par_1_8' title="bbox 0 0 1223 3936">
     <span class='ocr_line' id='line_1_41' title="bbox 0 0 1223 3936; baseline 0 0"><span class='ocrx_word' id='word_1_359' title='bbox 0 0 1223 3936; x_wconf 95' lang='lat' dir='ltr'><strong> </strong></span> 
     </span>
    </p>
   </div>
  </div>
 </body>
</html>
