2416 3936
325 181 616 238 COMMENTARIVS
635 182 675 237 IN
691 181 833 238 LIBRVM
850 182 885 238 11.
1070 181 1114 247 75
1155 204 1157 209 '

49 372 51 405 ;
105 331 166 392 uehi
188 332 342 410 figuratur.
382 333 434 392 sed
456 335 558 392 tamen
582 334 653 408 quia
675 334 757 392 locus
780 353 840 392 non
863 336 909 393 est
932 336 1046 393 secreta
1064 333 1113 392 de·

105 441 182 481 orum
194 421 322 481 istorum
334 422 419 481 iuxta
432 425 567 481 tenorem
582 422 717 481 internae
735 423 943 499 philosophiae
961 423 1113 499 disserere,

50 580 52 585 ¹
104 514 198 570 tamen
224 511 261 569 de
288 511 405 589 figuris,
433 511 540 586 quibus
567 512 710 587 creditur,
742 512 846 587 paucis
873 512 1014 571 dicamus.
1060 510 1113 569 Sol

104 600 264 675 ineffabilis,
278 600 351 676 quia
362 600 528 676 principale
543 601 661 678 signum
673 601 805 660 inculcat
819 603 849 660 et
861 601 969 678 frenat,
983 602 1113 660 Leonem

85 689 225 767 sufficet,
251 689 363 748 idcirco
391 693 422 748 et
447 689 511 766 ipse
538 690 595 748 hoc
617 690 706 748 uultu
726 689 862 767 fingitur,
889 691 939 749 uel
962 690 1042 766 quod
1063 688 1112 747 hic

105 779 169 837 deus
189 779 269 837 inter
289 781 404 837 ceteros
422 778 455 836 ui
472 778 603 836 numinis
621 781 652 837 et
669 779 822 855 potentiae
840 779 955 854 impetu
978 779 1113 852 excellat,

104 869 134 926 ut
152 867 233 926 inter
254 867 386 943 reliquas
408 867 487 926 feras
510 868 571 943 leo3
593 868 642 925 uel
666 868 746 943 quod
768 867 809 926 sit
829 868 968 945 rapidum
990 867 1111 926 animal.

104 956 183 1014 Luna
204 975 291 1032 uero,
318 957 390 1032 quia
412 956 535 1032 propius
557 958 678 1015 taurum
700 959 816 1015 coercet
833 957 1021 1031 adducitque,
1044 956 1111 1014 ideo

104 1063 188 1104 uacca
211 1043 310 1121 [luna]
335 1045 466 1123 figurata
488 1048 541 1103 est
569 1048 700 1104 ceterum
722 1045 818 1103 diuini
840 1049 872 1103 et
892 1045 968 1122 regii
991 1045 1034 1103 dii
1051 1045 1111 1120 isti,

77 1138 133 1198 cut
153 1137 328 1210 comparent
353 1135 386 1192 in
414 1134 498 1210 orbe,
526 1134 568 1192 sic
591 1136 661 1192 sunt
683 1136 818 1209 expertes
839 1134 976 1194 mortalis
998 1135 1111 1210 figurae

104 1226 160 1282 tam
177 1223 307 1282 hominis
326 1242 417 1299 quam
433 1223 546 1298 beluae,
564 1241 625 1281 non
643 1223 787 1282 habentes
805 1223 925 1281 initium
938 1223 1112 1280 terminum·

105 1331 155 1387 que
175 1313 226 1371 uel
249 1313 329 1388 quod
351 1313 550 1388 interpoletur
571 1312 717 1386 medium,
740 1316 776 1370 ut
798 1312 840 1370 dii
862 1311 992 1369 minores
1014 1313 1047 1369 st
1066 1330 1112 1368 re-

104 1401 181 1476 liqui,
202 1404 239 1459 ut
256 1420 348 1478 supra
365 1396 414 1479 <u
435 1396 570 1479 205sq.>
588 1401 651 1477 ipse
670 1401 727 1458 ait:
751 1395 831 1459 ‘mox
854 1400 943 1458 turba
965 1418 1112 1478 uagomm

105 1485 279 1549 semideum'.
325 1491 356 1548 id
379 1490 458 1548 enim
480 1490 559 1549 ratio
582 1490 770 1548 aeternitatis
793 1489 971 1565 expostulat.

499 1682 713 1693 ---—--—

74 1938 95 1980 n
231 1894 612 1970 COMMENTARIVS
639 1896 694 1968 IN
721 1894 907 1969 LIBRVM
933 1894 979 1968 Π.

162 2040 288 2100 Reditus
316 2039 455 2099 Mercurii
477 2059 545 2099 oum
567 2040 672 2099 umbra
694 2040 750 2099 Lai
773 2060 827 2115 per
849 2039 1025 2115 Taenarum,
1055 2038 1208 2097 La-nna

103 2129 199 2188 coniae
222 2129 470 2204 promunturium.
510 2130 657 2188 aduentus
678 2129 772 2204 ipsius
790 2129 912 2187 umbrae
931 2129 969 2187 ad
987 2127 1112 2186 Thebas.

102 2218 268 2277 immutatIo
287 2218 350 2276 eius
372 2219 405 2276 in
423 2218 569 2276 Tiresiam
592 2221 623 2276 et
645 2218 808 2277 admonitio
833 2217 872 2275 ad
894 2217 1055 2295 Eteoclem,
1078 2220 1113 2275 ut

169 2412 183 2460 1
202 2407 301 2460 tamen
318 2421 368 2460 om.
388 2410 408 2457 L
439 2406 552 2460 tantum
570 2411 607 2458 Pb
628 2409 633 2475 1
654 2407 762 2460 secreta
780 2411 844 2476 poet
867 2403 986 2458 istorum
1000 2404 1114 2473 praebet

99 2482 117 2529 L
130 2480 139 2547 11
153 2482 169 2530 2
183 2476 302 2531 intimae
318 2477 416 2530 Orsaei.
430 2478 440 2547 1
454 2482 470 2529 3
485 2477 521 2531 de
533 2477 632 2547 figuris
644 2479 743 2530 tamen
755 2482 775 2529 L
791 2479 795 2546 1
811 2475 963 2535 creduntur
976 2474 1113 2548 Schmun

99 2550 177 2602 teet
192 2546 387 2602 ineffabilisL
419 2546 572 2602 ineffabilis
591 2550 636 2602 eet
653 2554 690 2601 Pb
724 2552 729 2618 1
761 2546 828 2617 quia
847 2552 899 2600 L!
930 2544 980 2616 qui
997 2551 1035 2599 Pa
1060 2563 1112 2601 om.

98 2624 133 2672 rb
150 2618 309 2690 [inculcat]
325 2617 428 2672 inculit
447 2619 544 2674 Orroei.
563 2618 664 2674 incolit
681 2620 759 2674 Moe.
779 2621 789 2689 1
811 2624 827 2674 t
847 2618 957 2673 scilicet
974 2635 1024 2673 om.
1044 2623 1081 2670 Pb
1104 2616 1112 2699 1

98 2690 198 2745 iccirco
217 2692 290 2759 Lllt
309 2689 377 2743 deos
396 2694 432 2742 Pb
453 2691 458 2760 1
478 2690 553 2744 inter
571 2692 635 2746 add.
659 2691 756 2762 Vacer.
780 2694 784 2761 1
813 2688 857 2745 sui
874 2688 1036 2744 numinisL
1070 2706 1113 2742 sm

98 2761 219 2817 nominis
238 2767 275 2815 1²·
307 2759 338 2814 ui
355 2760 479 2815 numinis
497 2766 566 2814 nb
587 2761 685 2818 Coccei.
709 2765 729 2886 1
749 2767 765 2815 8
784 2777 851 2815 uero
870 2779 920 2816 om.
939 2765 967 2813 1
991 2763 995 2830 1
1025 2760 1113 2831 quod]

97 2832 165 2902 quia
181 2839 203 2886 L
219 2835 224 2902 1
239 2834 322 2886 tauro
341 2831 478 2886 adhaeret
495 2838 515 2885 L
544 2836 658 2886 taurum
675 2849 709 2887 co
729 2835 790 2887 eret
807 2838 845 2886 Pa
872 2833 986 2885 taurum
1003 2833 1114 2885 coercet

97 2909 164 2957 le
188 2907 198 2974 11
221 2909 386 2957 9uaca1’a
415 2907 419 2972 1
448 2903 491 2957 lu·
509 2920 563 2957 nae
581 2908 609 2956 1
628 2903 726 2958 Caesel.
756 2907 760 2974 1
784 2902 834 2956 isti
853 2901 894 2956 dii
912 2908 932 2955 L
953 2904 964 2970 1
987 2907 1021 2955 10
1037 2917 1113 2955 com-

96 2978 231 3046 parentur
249 2980 269 3027 L
301 2976 479 3044 comparetur
496 2980 534 3027 Pa
550 2976 554 3046 1
571 2975 667 3029 orbem
685 2981 723 3027 Pe
747 2978 752 3044 1
776 2975 890 3099 experte
907 2973 1041 3026 mortales
1059 2977 1087 3025 1
1109 2971 1115 3044 1

98 3052 130 3100 11
154 3049 216 3101 tam
237 3044 361 3099 hominis
379 3051 399 3098 L
441 3062 490 3100 seu
512 3045 635 3100 hominis
652 3051 705 3099 11²
738 3047 743 3117 1
776 3045 815 3099 ha
836 3061 884 3098 ens
902 3048 971 3097 le
996 3043 1087 3098 Ooocel

97 3118 248 3172 terminum
266 3122 329 3170 Π·
355 3118 365 3186 1
398 3122 431 3171 12
450 3116 701 3187 interpelletuer
728 3119 739 3187 1
765 3115 896 3187 Explicit,
907 3114 980 3169 liber
996 3113 1113 3185 primus.

97 3187 201 3260 Incipit
217 3187 291 3243 liber
308 3188 447 3242 secundus
465 3192 493 3240 1

168 3260 369 3331 Aryamentum
386 3261 419 3314 ic
437 3265 472 3311 Po
489 3276 547 3314 noa
565 3261 673 3329 taedeo,
690 3261 723 3314 ic
741 3260 818 3314 Mon.
834 3259 905 3313 duae
919 3258 1008 3312 lineae
1020 3274 1114 3312 mosoc

98 3338 171 3399 aaut,
193 3334 236 3387 ita
258 3338 291 3385 at
307 3332 464 3400 incipiatur
481 3331 620 3385 occubatas
637 3330 752 3385 illorum
769 3328 926 3400 gratularia
951 3329 961 3398 1
989 3334 1022 3382 16
1041 3329 1114 3384 Red-

99 3402 174 3457 ditus
194 3408 232 3455 Pa
247 3406 252 3473 1
267 3401 319 3455 laii
337 3407 433 3455 Lle
446 3405 456 3471 11
471 3406 503 3455 11
521 3400 761 3470 promunctorium
777 3405 805 3453 Ι
834 3399 1058 3469 promuntorium
1076 3405 1114 3453 Pe

97 3473 319 3556 permontorium
336 3479 373 3526 Pb
399 3472 628 3595 promontorium
646 3478 666 3525 L
692 3476 703 3544 1
731 3478 764 3526 18
783 3470 935 3526 inmutatio
953 3477 991 3525 Pa
1016 3470 1121 3545 [eiust

97 3545 186 3612 ipsius
201 3550 240 3594 PL
250 3547 263 3611 1
274 3545 314 3594 ad
328 3543 400 3596 Etoc
412 3561 455 3598 em
475 3561 526 3600 orn.
546 3549 626 3600 Lx?
644 3547 712 3606 odd.
733 3546 846 3606 Kohlm.
866 3564 880 3606 c
898 3545 977 3605 Colo.
