<?xml version="1.0" encoding="UTF-8"?>
<!DOCTYPE html PUBLIC "-//W3C//DTD XHTML 1.0 Transitional//EN"
    "http://www.w3.org/TR/xhtml1/DTD/xhtml1-transitional.dtd">
<html xmlns="http://www.w3.org/1999/xhtml" xml:lang="en" lang="en">
 <head>
  <title>
</title>
<meta http-equiv="Content-Type" content="text/html;charset=utf-8" />
  <meta name='ocr-system' content='tesseract 3.04.00' />
  <meta name='ocr-capabilities' content='ocr_page ocr_carea ocr_par ocr_line ocrx_word'/>
</head>
<body>
  <div class='ocr_page' id='page_1' title='image "./opera02statgoog_0235.png"; bbox 0 0 2378 3930; ppageno 0'>
   <div class='ocr_carea' id='block_1_1' title="bbox 77 182 869 250">
    <p class='ocr_par' dir='ltr' id='par_1_1' title="bbox 77 182 869 250">
     <span class='ocr_line' id='line_1_1' title="bbox 77 182 869 250; baseline -0.01 0"><span class='ocrx_word' id='word_1_1' title='bbox 77 185 142 250; x_wconf 78' lang='grc'>218</span> <span class='ocrx_word' id='word_1_2' title='bbox 298 182 585 240; x_wconf 83' lang='lat' dir='ltr'><strong>COMMENTARIVS</strong></span> <span class='ocrx_word' id='word_1_3' title='bbox 604 186 644 240; x_wconf 80' lang='lat' dir='ltr'>IN</span> <span class='ocrx_word' id='word_1_4' title='bbox 661 186 803 241; x_wconf 77' lang='lat' dir='ltr'>msavu</span> <span class='ocrx_word' id='word_1_5' title='bbox 821 186 869 242; x_wconf 88' lang='lat' dir='ltr'>IV.</span> 
     </span>
    </p>
   </div>
   <div class='ocr_carea' id='block_1_2' title="bbox 74 336 1084 2630">
    <p class='ocr_par' dir='ltr' id='par_1_2' title="bbox 143 336 909 412">
     <span class='ocr_line' id='line_1_2' title="bbox 143 336 909 412; baseline 0.003 -17"><span class='ocrx_word' id='word_1_6' title='bbox 143 338 205 395; x_wconf 92' lang='grc'>366</span> <span class='ocrx_word' id='word_1_7' title='bbox 230 353 365 393; x_wconf 70' lang='lat' dir='ltr'>‘ivamus</span> <span class='ocrx_word' id='word_1_8' title='bbox 388 355 448 394; x_wconf 91' lang='lat' dir='ltr'>non</span> <span class='ocrx_word' id='word_1_9' title='bbox 470 336 625 412; x_wconf 77' lang='lat' dir='ltr'>terribilia,</span> <span class='ocrx_word' id='word_1_10' title='bbox 648 338 700 395; x_wconf 86' lang='lat' dir='ltr'>sed</span> <span class='ocrx_word' id='word_1_11' title='bbox 722 338 909 397; x_wconf 83' lang='lat' dir='ltr'>conturbata.</span> 
     </span>
    </p>

    <p class='ocr_par' dir='ltr' id='par_1_3' title="bbox 75 426 1056 572">
     <span class='ocr_line' id='line_1_3' title="bbox 142 426 1056 502; baseline 0.001 -19"><span class='ocrx_word' id='word_1_12' title='bbox 142 427 205 484; x_wconf 88' lang='grc'>368</span> <span class='ocrx_word' id='word_1_13' title='bbox 243 442 305 482; x_wconf 79' lang='lat' dir='ltr'>uos</span> <span class='ocrx_word' id='word_1_14' title='bbox 342 442 461 483; x_wconf 78' lang='lat' dir='ltr'>msorvs</span> <span class='ocrx_word' id='word_1_15' title='bbox 498 442 568 484; x_wconf 75' lang='lat' dir='ltr'>svs1</span> <span class='ocrx_word' id='word_1_16' title='bbox 600 427 688 485; x_wconf 88' lang='lat' dir='ltr'>occisi</span> <span class='ocrx_word' id='word_1_17' title='bbox 719 427 847 502; x_wconf 86' lang='lat' dir='ltr'>pecoris,</span> <span class='ocrx_word' id='word_1_18' title='bbox 884 430 920 485; x_wconf 97' lang='grc'>66</span> <span class='ocrx_word' id='word_1_19' title='bbox 952 426 1056 485; x_wconf 80' lang='lat' dir='ltr'>conscius</span> 
     </span>
     <span class='ocr_line' id='line_1_4' title="bbox 75 513 299 572; baseline -0.009 0"><span class='ocrx_word' id='word_1_20' title='bbox 75 514 196 572; x_wconf 87' lang='lat' dir='ltr'>audacis</span> <span class='ocrx_word' id='word_1_21' title='bbox 219 513 299 571; x_wconf 84' lang='lat' dir='ltr'>facti.</span> 
     </span>
    </p>

    <p class='ocr_par' dir='ltr' id='par_1_4' title="bbox 75 598 1079 839">
     <span class='ocr_line' id='line_1_5' title="bbox 143 598 1057 682; baseline -0.001 -22"><span class='ocrx_word' id='word_1_22' title='bbox 143 605 207 662; x_wconf 98' lang='grc'>370</span> <span class='ocrx_word' id='word_1_23' title='bbox 234 620 355 659; x_wconf 69' lang='lat' dir='ltr'>senalus</span> <span class='ocrx_word' id='word_1_24' title='bbox 383 619 516 660; x_wconf 75' lang='lat' dir='ltr'>secema</span> <span class='ocrx_word' id='word_1_25' title='bbox 543 621 616 660; x_wconf 76' lang='lat' dir='ltr'>ama</span> <span class='ocrx_word' id='word_1_26' title='bbox 642 605 678 661; x_wconf 90' lang='lat' dir='ltr'>nt</span> <span class='ocrx_word' id='word_1_27' title='bbox 703 604 841 663; x_wconf 89' lang='lat' dir='ltr'>Lucanus</span> <span class='ocrx_word' id='word_1_28' title='bbox 863 598 1057 682; x_wconf 73' lang='lat' dir='ltr'>&lt;Ill3sqq.):</span> 
     </span>
     <span class='ocr_line' id='line_1_6' title="bbox 76 687 1079 770; baseline -0.005 -20"><span class='ocrx_word' id='word_1_29' title='bbox 76 687 133 750; x_wconf 69' lang='lat' dir='ltr'>‘est</span> <span class='ocrx_word' id='word_1_30' title='bbox 151 692 211 767; x_wconf 92' lang='lat' dir='ltr'>qui,</span> <span class='ocrx_word' id='word_1_31' title='bbox 229 690 380 749; x_wconf 82' lang='lat' dir='ltr'>tamiferis</span> <span class='ocrx_word' id='word_1_32' title='bbox 397 691 449 748; x_wconf 91' lang='lat' dir='ltr'>ubi</span> <span class='ocrx_word' id='word_1_33' title='bbox 468 709 498 748; x_wconf 89' lang='lat' dir='ltr'>se</span> <span class='ocrx_word' id='word_1_34' title='bbox 517 691 656 749; x_wconf 88' lang='lat' dir='ltr'>Meuania</span> <span class='ocrx_word' id='word_1_35' title='bbox 674 693 786 768; x_wconf 89' lang='lat' dir='ltr'>campis</span> <span class='ocrx_word' id='word_1_36' title='bbox 804 693 942 770; x_wconf 84' lang='lat' dir='ltr'>explicat,</span> <span class='ocrx_word' id='word_1_37' title='bbox 960 692 1079 750; x_wconf 79' lang='grc'><strong>666666)</strong></span> 
     </span>
     <span class='ocr_line' id='line_1_7' title="bbox 75 777 683 839; baseline 0 0"><span class='ocrx_word' id='word_1_38' title='bbox 75 801 158 839; x_wconf 88' lang='lat' dir='ltr'>ruere</span> <span class='ocrx_word' id='word_1_39' title='bbox 181 781 213 837; x_wconf 90' lang='lat' dir='ltr'>in</span> <span class='ocrx_word' id='word_1_40' title='bbox 237 780 399 838; x_wconf 87' lang='lat' dir='ltr'>certamina</span> <span class='ocrx_word' id='word_1_41' title='bbox 421 782 535 837; x_wconf 85' lang='lat' dir='ltr'>turmas</span> <span class='ocrx_word' id='word_1_42' title='bbox 559 777 683 839; x_wconf 87' lang='lat' dir='ltr'>afferat&#39;.</span> 
     </span>
    </p>

    <p class='ocr_par' dir='ltr' id='par_1_5' title="bbox 143 868 1060 947">
     <span class='ocr_line' id='line_1_8' title="bbox 143 868 1060 947; baseline -0.002 -19"><span class='ocrx_word' id='word_1_43' title='bbox 143 872 206 928; x_wconf 89' lang='grc'>372</span> <span class='ocrx_word' id='word_1_44' title='bbox 226 887 296 925; x_wconf 81' lang='lat' dir='ltr'>mna</span> <span class='ocrx_word' id='word_1_45' title='bbox 311 885 559 927; x_wconf 75' lang='grc'><strong>666166666666</strong></span> <span class='ocrx_word' id='word_1_46' title='bbox 572 888 657 928; x_wconf 91' lang='lat' dir='ltr'>mons</span> <span class='ocrx_word' id='word_1_47' title='bbox 675 872 721 928; x_wconf 90' lang='lat' dir='ltr'>est</span> <span class='ocrx_word' id='word_1_48' title='bbox 737 869 813 928; x_wconf 89' lang='lat' dir='ltr'>hant</span> <span class='ocrx_word' id='word_1_49' title='bbox 830 869 919 947; x_wconf 84' lang='lat' dir='ltr'>longe</span> <span class='ocrx_word' id='word_1_50' title='bbox 938 888 957 927; x_wconf 90' lang='lat' dir='ltr'>a</span> <span class='ocrx_word' id='word_1_51' title='bbox 969 868 1060 927; x_wconf 78' lang='lat' dir='ltr'>Thebis</span> 
     </span>
    </p>

    <p class='ocr_par' dir='ltr' id='par_1_6' title="bbox 74 956 1062 1461">
     <span class='ocr_line' id='line_1_9' title="bbox 143 956 1061 1036; baseline -0.001 -20"><span class='ocrx_word' id='word_1_52' title='bbox 143 960 206 1017; x_wconf 89' lang='grc'>373</span> <span class='ocrx_word' id='word_1_53' title='bbox 230 975 363 1015; x_wconf 71' lang='grc'><strong>666666)</strong></span> <span class='ocrx_word' id='word_1_54' title='bbox 386 974 528 1016; x_wconf 80' lang='grc'><strong>6666666</strong></span> <span class='ocrx_word' id='word_1_55' title='bbox 555 958 586 1016; x_wconf 90' lang='lat' dir='ltr'>id</span> <span class='ocrx_word' id='word_1_56' title='bbox 613 961 659 1016; x_wconf 90' lang='lat' dir='ltr'>est</span> <span class='ocrx_word' id='word_1_57' title='bbox 685 958 806 1017; x_wconf 88' lang='lat' dir='ltr'>nuntiat</span> <span class='ocrx_word' id='word_1_58' title='bbox 828 958 958 1036; x_wconf 77' lang='lat' dir='ltr'>Argiuos</span> <span class='ocrx_word' id='word_1_59' title='bbox 982 956 1061 1016; x_wconf 82' lang='lat' dir='ltr'>hostili</span> 
     </span>
     <span class='ocr_line' id='line_1_10' title="bbox 74 1045 1060 1122; baseline 0 -17"><span class='ocrx_word' id='word_1_60' title='bbox 74 1067 155 1105; x_wconf 88' lang='lat' dir='ltr'>more</span> <span class='ocrx_word' id='word_1_61' title='bbox 179 1045 316 1104; x_wconf 80' lang='lat' dir='ltr'>excubias</span> <span class='ocrx_word' id='word_1_62' title='bbox 343 1064 438 1122; x_wconf 82' lang='lat' dir='ltr'>agere.</span> <span class='ocrx_word' id='word_1_63' title='bbox 551 1064 673 1105; x_wconf 76' lang='grc'><strong>666666</strong></span> <span class='ocrx_word' id='word_1_64' title='bbox 698 1064 823 1105; x_wconf 76' lang='grc'><strong>6661666</strong></span> <span class='ocrx_word' id='word_1_65' title='bbox 848 1063 1005 1105; x_wconf 68' lang='lat' dir='ltr'>Pansam</span> <span class='ocrx_word' id='word_1_66' title='bbox 1024 1063 1060 1121; x_wconf 79' lang='lat' dir='ltr'>pu</span> 
     </span>
     <span class='ocr_line' id='line_1_11' title="bbox 74 1134 1059 1213; baseline -0.001 -19"><span class='ocrx_word' id='word_1_67' title='bbox 74 1137 170 1194; x_wconf 86' lang='lat' dir='ltr'>multo</span> <span class='ocrx_word' id='word_1_68' title='bbox 198 1135 308 1193; x_wconf 90' lang='lat' dir='ltr'>lumine</span> <span class='ocrx_word' id='word_1_69' title='bbox 336 1135 544 1193; x_wconf 73' lang='lat' dir='ltr'>excubantium</span> <span class='ocrx_word' id='word_1_70' title='bbox 567 1136 674 1213; x_wconf 79' lang='lat' dir='ltr'>uigiles</span> <span class='ocrx_word' id='word_1_71' title='bbox 701 1135 842 1195; x_wconf 72' lang='lat' dir='ltr'>Plataeas</span> <span class='ocrx_word' id='word_1_72' title='bbox 870 1136 944 1195; x_wconf 82' lang='lat' dir='ltr'>dicit</span> <span class='ocrx_word' id='word_1_73' title='bbox 970 1134 1059 1193; x_wconf 74' lang='lat' dir='ltr'>arsisse</span> 
     </span>
     <span class='ocr_line' id='line_1_12' title="bbox 75 1224 1062 1298; baseline -0.001 -15"><span class='ocrx_word' id='word_1_74' title='bbox 75 1229 121 1283; x_wconf 90' lang='lat' dir='ltr'>est</span> <span class='ocrx_word' id='word_1_75' title='bbox 135 1227 235 1283; x_wconf 89' lang='lat' dir='ltr'>autem</span> <span class='ocrx_word' id='word_1_76' title='bbox 249 1224 355 1282; x_wconf 86' lang='lat' dir='ltr'>ciuitas</span> <span class='ocrx_word' id='word_1_77' title='bbox 369 1224 511 1282; x_wconf 88' lang='lat' dir='ltr'>Boeotiae</span> <span class='ocrx_word' id='word_1_78' title='bbox 526 1225 557 1282; x_wconf 92' lang='lat' dir='ltr'>in</span> <span class='ocrx_word' id='word_1_79' title='bbox 575 1225 702 1283; x_wconf 90' lang='lat' dir='ltr'>confinio</span> <span class='ocrx_word' id='word_1_80' title='bbox 719 1225 859 1284; x_wconf 83' lang='lat' dir='ltr'>hostium</span> <span class='ocrx_word' id='word_1_81' title='bbox 893 1224 960 1283; x_wconf 89' lang='lat' dir='ltr'>ideo</span> <span class='ocrx_word' id='word_1_82' title='bbox 973 1240 1062 1298; x_wconf 81' lang='lat' dir='ltr'>semper</span> 
     </span>
     <span class='ocr_line' id='line_1_13' title="bbox 75 1313 1062 1397; baseline 0.001 -26"><span class='ocrx_word' id='word_1_83' title='bbox 75 1314 242 1397; x_wconf 27' lang='lat' dir='ltr'>inuigilat..</span> <span class='ocrx_word' id='word_1_84' title='bbox 265 1315 296 1370; x_wconf 89' lang='lat' dir='ltr'>et</span> <span class='ocrx_word' id='word_1_85' title='bbox 316 1313 386 1387; x_wconf 87' lang='lat' dir='ltr'>quia</span> <span class='ocrx_word' id='word_1_86' title='bbox 408 1313 440 1370; x_wconf 88' lang='lat' dir='ltr'>in</span> <span class='ocrx_word' id='word_1_87' title='bbox 464 1313 548 1371; x_wconf 82' lang='lat' dir='ltr'>aditu</span> <span class='ocrx_word' id='word_1_88' title='bbox 570 1316 616 1372; x_wconf 89' lang='lat' dir='ltr'>est</span> <span class='ocrx_word' id='word_1_89' title='bbox 638 1314 745 1389; x_wconf 87' lang='lat' dir='ltr'>posita,</span> <span class='ocrx_word' id='word_1_90' title='bbox 775 1313 848 1372; x_wconf 89' lang='lat' dir='ltr'>dicit</span> <span class='ocrx_word' id='word_1_91' title='bbox 878 1314 974 1389; x_wconf 90' lang='lat' dir='ltr'>primo</span> <span class='ocrx_word' id='word_1_92' title='bbox 994 1313 1062 1371; x_wconf 74' lang='lat' dir='ltr'>fuiss</span> 
     </span>
     <span class='ocr_line' id='line_1_14' title="bbox 75 1405 233 1461; baseline -0.006 0"><span class='ocrx_word' id='word_1_93' title='bbox 75 1405 233 1461; x_wconf 87' lang='lat' dir='ltr'>uastatam.</span> 
     </span>
    </p>

    <p class='ocr_par' dir='ltr' id='par_1_7' title="bbox 74 1484 1084 2185">
     <span class='ocr_line' id='line_1_15' title="bbox 143 1484 1063 1568; baseline -0.001 -20"><span class='ocrx_word' id='word_1_94' title='bbox 143 1493 205 1549; x_wconf 83' lang='grc'>375</span> <span class='ocrx_word' id='word_1_95' title='bbox 235 1506 393 1555; x_wconf 77' lang='grc'><strong>66666666</strong></span> <span class='ocrx_word' id='word_1_96' title='bbox 424 1507 524 1549; x_wconf 81' lang='grc'><strong>60606</strong></span> <span class='ocrx_word' id='word_1_97' title='bbox 554 1490 691 1549; x_wconf 89' lang='lat' dir='ltr'>Lucanus</span> <span class='ocrx_word' id='word_1_98' title='bbox 717 1484 754 1568; x_wconf 86' lang='lat'>&lt;1</span> <span class='ocrx_word' id='word_1_99' title='bbox 778 1486 865 1568; x_wconf 81' lang='lat'>563&gt;</span> <span class='ocrx_word' id='word_1_100' title='bbox 892 1485 1063 1563; x_wconf 70' lang='lat' dir='ltr'>‘matremque</span> 
     </span>
     <span class='ocr_line' id='line_1_16' title="bbox 74 1573 1063 1655; baseline -0.003 -17"><span class='ocrx_word' id='word_1_101' title='bbox 74 1599 145 1638; x_wconf 91' lang='lat' dir='ltr'>suus</span> <span class='ocrx_word' id='word_1_102' title='bbox 168 1578 332 1637; x_wconf 86' lang='lat' dir='ltr'>conterruit</span> <span class='ocrx_word' id='word_1_103' title='bbox 354 1573 472 1636; x_wconf 86' lang='lat' dir='ltr'>infans’.</span> <span class='ocrx_word' id='word_1_104' title='bbox 519 1579 646 1654; x_wconf 83' lang='lat' dir='ltr'>Tyrios</span> <span class='ocrx_word' id='word_1_105' title='bbox 678 1580 787 1637; x_wconf 88' lang='lat' dir='ltr'>lares:</span> <span class='ocrx_word' id='word_1_106' title='bbox 820 1597 896 1655; x_wconf 92' lang='lat' dir='ltr'>quos</span> <span class='ocrx_word' id='word_1_107' title='bbox 918 1579 949 1637; x_wconf 87' lang='lat' dir='ltr'>in</span> <span class='ocrx_word' id='word_1_108' title='bbox 971 1577 1063 1636; x_wconf 77' lang='lat' dir='ltr'>Thebas</span> 
     </span>
     <span class='ocr_line' id='line_1_17' title="bbox 76 1667 1063 1727; baseline -0.003 0"><span class='ocrx_word' id='word_1_109' title='bbox 76 1669 204 1727; x_wconf 82' lang='lat' dir='ltr'>Cadmus</span> <span class='ocrx_word' id='word_1_110' title='bbox 240 1667 361 1725; x_wconf 87' lang='lat' dir='ltr'>inuexit.</span> <span class='ocrx_word' id='word_1_111' title='bbox 416 1667 521 1726; x_wconf 90' lang='lat' dir='ltr'>Dirce</span> <span class='ocrx_word' id='word_1_112' title='bbox 559 1670 658 1725; x_wconf 87' lang='lat' dir='ltr'>autem</span> <span class='ocrx_word' id='word_1_113' title='bbox 694 1669 761 1727; x_wconf 86' lang='lat' dir='ltr'>fons</span> <span class='ocrx_word' id='word_1_114' title='bbox 793 1671 839 1727; x_wconf 89' lang='lat' dir='ltr'>est</span> <span class='ocrx_word' id='word_1_115' title='bbox 871 1668 1063 1726; x_wconf 81' lang='lat' dir='ltr'>Thebanorma</span> 
     </span>
     <span class='ocr_line' id='line_1_18' title="bbox 75 1750 1063 1834; baseline -0.007 -18"><span class='ocrx_word' id='word_1_116' title='bbox 75 1760 233 1831; x_wconf 86' lang='lat' dir='ltr'>utrumque</span> <span class='ocrx_word' id='word_1_117' title='bbox 265 1756 445 1813; x_wconf 83' lang='lat' dir='ltr'>monstrauit</span> <span class='ocrx_word' id='word_1_118' title='bbox 475 1758 510 1814; x_wconf 89' lang='lat' dir='ltr'>ut</span> <span class='ocrx_word' id='word_1_119' title='bbox 540 1756 685 1834; x_wconf 80' lang='lat' dir='ltr'>Virgilius</span> <span class='ocrx_word' id='word_1_120' title='bbox 717 1751 838 1834; x_wconf 78' lang='lat' dir='ltr'>(georg.</span> <span class='ocrx_word' id='word_1_121' title='bbox 861 1757 970 1831; x_wconf 85' lang='lat'>1480,</span> <span class='ocrx_word' id='word_1_122' title='bbox 987 1750 1063 1830; x_wconf 83' lang='lat'>485):</span> 
     </span>
     <span class='ocr_line' id='line_1_19' title="bbox 76 1839 1064 1919; baseline -0.006 -15"><span class='ocrx_word' id='word_1_123' title='bbox 76 1842 215 1919; x_wconf 78' lang='lat' dir='ltr'>‘aeraque</span> <span class='ocrx_word' id='word_1_124' title='bbox 235 1844 351 1902; x_wconf 86' lang='lat' dir='ltr'>sudant.</span> <span class='ocrx_word' id='word_1_125' title='bbox 382 1863 435 1903; x_wconf 94' lang='lat' dir='ltr'>nec</span> <span class='ocrx_word' id='word_1_126' title='bbox 453 1845 551 1919; x_wconf 85' lang='lat' dir='ltr'>puteis</span> <span class='ocrx_word' id='word_1_127' title='bbox 569 1864 689 1904; x_wconf 90' lang='lat' dir='ltr'>manare</span> <span class='ocrx_word' id='word_1_128' title='bbox 709 1865 795 1904; x_wconf 88' lang='lat' dir='ltr'>cruor</span> <span class='ocrx_word' id='word_1_129' title='bbox 813 1839 961 1905; x_wconf 84' lang='lat' dir='ltr'>cessauit’.</span> <span class='ocrx_word' id='word_1_130' title='bbox 990 1844 1064 1902; x_wconf 87' lang='lat' dir='ltr'>solent</span> 
     </span>
     <span class='ocr_line' id='line_1_20' title="bbox 75 1932 1063 2012; baseline -0.003 -20"><span class='ocrx_word' id='word_1_131' title='bbox 75 1935 155 1992; x_wconf 89' lang='lat' dir='ltr'>enim</span> <span class='ocrx_word' id='word_1_132' title='bbox 178 1933 216 1991; x_wconf 92' lang='lat' dir='ltr'>ad</span> <span class='ocrx_word' id='word_1_133' title='bbox 239 1952 324 1990; x_wconf 88' lang='lat' dir='ltr'>omen</span> <span class='ocrx_word' id='word_1_134' title='bbox 347 1933 498 2008; x_wconf 87' lang='lat' dir='ltr'>publicum</span> <span class='ocrx_word' id='word_1_135' title='bbox 520 1936 660 2009; x_wconf 86' lang='lat' dir='ltr'>portenta</span> <span class='ocrx_word' id='word_1_136' title='bbox 683 1934 779 2012; x_wconf 78' lang='lat' dir='ltr'>gigni,</span> <span class='ocrx_word' id='word_1_137' title='bbox 807 1936 839 1992; x_wconf 86' lang='lat' dir='ltr'>et</span> <span class='ocrx_word' id='word_1_138' title='bbox 865 1936 912 1992; x_wconf 89' lang='lat' dir='ltr'>est</span> <span class='ocrx_word' id='word_1_139' title='bbox 934 1935 1009 1991; x_wconf 85' lang='lat' dir='ltr'>fetus</span> <span class='ocrx_word' id='word_1_140' title='bbox 1027 1932 1063 1988; x_wconf 77' lang='lat' dir='ltr'>sul</span> 
     </span>
     <span class='ocr_line' id='line_1_21' title="bbox 75 2017 1084 2101; baseline -0.004 -21"><span class='ocrx_word' id='word_1_141' title='bbox 75 2022 214 2097; x_wconf 85' lang='lat' dir='ltr'>bioapitis</span> <span class='ocrx_word' id='word_1_142' title='bbox 233 2023 286 2078; x_wconf 87' lang='lat' dir='ltr'>aut</span> <span class='ocrx_word' id='word_1_143' title='bbox 303 2021 444 2080; x_wconf 83' lang='lat' dir='ltr'>biformis.</span> <span class='ocrx_word' id='word_1_144' title='bbox 476 2025 512 2080; x_wconf 85' lang='lat' dir='ltr'>ut</span> <span class='ocrx_word' id='word_1_145' title='bbox 524 2023 661 2081; x_wconf 89' lang='lat' dir='ltr'>Lucanus</span> <span class='ocrx_word' id='word_1_146' title='bbox 674 2018 711 2100; x_wconf 85' lang='lat'>&lt;1</span> <span class='ocrx_word' id='word_1_147' title='bbox 725 2024 788 2082; x_wconf 84' lang='grc'>562</span> <span class='ocrx_word' id='word_1_148' title='bbox 799 2017 877 2101; x_wconf 86' lang='lat' dir='ltr'>sq.&gt;:</span> <span class='ocrx_word' id='word_1_149' title='bbox 897 2017 1084 2094; x_wconf 71' lang='lat' dir='ltr'>‘numeroqus</span> 
     </span>
     <span class='ocr_line' id='line_1_22' title="bbox 75 2106 462 2185; baseline 0.003 -16"><span class='ocrx_word' id='word_1_150' title='bbox 75 2111 221 2185; x_wconf 87' lang='lat' dir='ltr'>modoque</span> <span class='ocrx_word' id='word_1_151' title='bbox 245 2106 462 2170; x_wconf 89' lang='lat' dir='ltr'>membrorum&#39;.</span> 
     </span>
    </p>

    <p class='ocr_par' dir='ltr' id='par_1_8' title="bbox 75 2199 1064 2436">
     <span class='ocr_line' id='line_1_23' title="bbox 143 2199 1063 2259; baseline -0.002 -3"><span class='ocrx_word' id='word_1_152' title='bbox 143 2201 205 2258; x_wconf 86' lang='grc'>379</span> <span class='ocrx_word' id='word_1_153' title='bbox 239 2217 354 2257; x_wconf 75' lang='lat' dir='ltr'>nnuma</span> <span class='ocrx_word' id='word_1_154' title='bbox 387 2217 481 2258; x_wconf 80' lang='lat' dir='ltr'>onom</span> <span class='ocrx_word' id='word_1_155' title='bbox 508 2203 542 2257; x_wconf 86' lang='lat' dir='ltr'>ut</span> <span class='ocrx_word' id='word_1_156' title='bbox 570 2201 674 2259; x_wconf 87' lang='lat' dir='ltr'>choros</span> <span class='ocrx_word' id='word_1_157' title='bbox 702 2199 829 2258; x_wconf 85' lang='lat' dir='ltr'>ducebat</span> <span class='ocrx_word' id='word_1_158' title='bbox 860 2200 995 2258; x_wconf 83' lang='lat' dir='ltr'>sacerdos</span> <span class='ocrx_word' id='word_1_159' title='bbox 1022 2213 1063 2254; x_wconf 83' lang='grc'>666</span> 
     </span>
     <span class='ocr_line' id='line_1_24' title="bbox 75 2286 1064 2363; baseline -0.002 -17"><span class='ocrx_word' id='word_1_160' title='bbox 75 2290 266 2347; x_wconf 87' lang='lat' dir='ltr'>Baccharum.</span> <span class='ocrx_word' id='word_1_161' title='bbox 301 2288 430 2346; x_wconf 88' lang='lat' dir='ltr'>ostendit</span> <span class='ocrx_word' id='word_1_162' title='bbox 448 2291 549 2346; x_wconf 85' lang='lat' dir='ltr'>autem</span> <span class='ocrx_word' id='word_1_163' title='bbox 567 2289 733 2346; x_wconf 87' lang='lat' dir='ltr'>antistitem</span> <span class='ocrx_word' id='word_1_164' title='bbox 751 2288 860 2363; x_wconf 85' lang='lat' dir='ltr'>Liberi,</span> <span class='ocrx_word' id='word_1_165' title='bbox 879 2307 956 2363; x_wconf 85' lang='lat' dir='ltr'>quae</span> <span class='ocrx_word' id='word_1_166' title='bbox 970 2286 1064 2346; x_wconf 74' lang='lat' dir='ltr'>citha</span> 
     </span>
     <span class='ocr_line' id='line_1_25' title="bbox 75 2376 356 2436; baseline -0.007 0"><span class='ocrx_word' id='word_1_167' title='bbox 75 2398 177 2436; x_wconf 89' lang='lat' dir='ltr'>ronem</span> <span class='ocrx_word' id='word_1_168' title='bbox 200 2376 356 2435; x_wconf 86' lang='lat' dir='ltr'>incolebat.</span> 
     </span>
    </p>

    <p class='ocr_par' dir='ltr' id='par_1_9' title="bbox 76 2461 1083 2630">
     <span class='ocr_line' id='line_1_26' title="bbox 142 2461 1083 2541; baseline -0.006 -16"><span class='ocrx_word' id='word_1_169' title='bbox 142 2468 206 2526; x_wconf 87' lang='grc'>380</span> <span class='ocrx_word' id='word_1_170' title='bbox 230 2483 441 2530; x_wconf 73' lang='grc'><strong>6666666666</strong></span> <span class='ocrx_word' id='word_1_171' title='bbox 464 2482 524 2523; x_wconf 81' lang='lat' dir='ltr'>avc</span> <span class='ocrx_word' id='word_1_172' title='bbox 549 2483 667 2524; x_wconf 80' lang='lat' dir='ltr'>rmsms</span> <span class='ocrx_word' id='word_1_173' title='bbox 691 2484 730 2523; x_wconf 80' lang='grc'>66</span> <span class='ocrx_word' id='word_1_174' title='bbox 752 2482 844 2524; x_wconf 79' lang='lat' dir='ltr'>mave</span> <span class='ocrx_word' id='word_1_175' title='bbox 865 2466 973 2541; x_wconf 83' lang='lat' dir='ltr'>pathos</span> <span class='ocrx_word' id='word_1_176' title='bbox 990 2461 1083 2521; x_wconf 72' lang='lat' dir='ltr'>tribu!</span> 
     </span>
     <span class='ocr_line' id='line_1_27' title="bbox 76 2552 1062 2630; baseline -0.008 -17"><span class='ocrx_word' id='word_1_177' title='bbox 76 2556 171 2613; x_wconf 88' lang='lat' dir='ltr'>modis</span> <span class='ocrx_word' id='word_1_178' title='bbox 189 2555 231 2614; x_wconf 75' lang='lat' dir='ltr'>fit.</span> <span class='ocrx_word' id='word_1_179' title='bbox 269 2553 457 2611; x_wconf 87' lang='lat' dir='ltr'>attendamus</span> <span class='ocrx_word' id='word_1_180' title='bbox 479 2554 580 2630; x_wconf 83' lang='lat' dir='ltr'>igitur,</span> <span class='ocrx_word' id='word_1_181' title='bbox 603 2558 638 2612; x_wconf 90' lang='lat' dir='ltr'>ut</span> <span class='ocrx_word' id='word_1_182' title='bbox 655 2554 728 2612; x_wconf 88' lang='lat' dir='ltr'>haec</span> <span class='ocrx_word' id='word_1_183' title='bbox 747 2554 917 2629; x_wconf 83' lang='lat' dir='ltr'>complexus</span> <span class='ocrx_word' id='word_1_184' title='bbox 936 2554 975 2612; x_wconf 91' lang='lat' dir='ltr'>sit</span> <span class='ocrx_word' id='word_1_185' title='bbox 990 2552 1062 2609; x_wconf 79' lang='lat' dir='ltr'>facto:</span> 
     </span>
    </p>
   </div>
   <div class='ocr_carea' id='block_1_3' title="bbox 74 2823 1105 3537">
    <p class='ocr_par' dir='ltr' id='par_1_10' title="bbox 74 2823 1105 3537">
     <span class='ocr_line' id='line_1_28' title="bbox 148 2823 1061 2900; baseline -0.008 -18"><span class='ocrx_word' id='word_1_186' title='bbox 148 2831 261 2884; x_wconf 79' lang='lat' dir='ltr'>lscbol.</span> <span class='ocrx_word' id='word_1_187' title='bbox 280 2846 329 2882; x_wconf 80' lang='grc'><strong>66).</strong></span> <span class='ocrx_word' id='word_1_188' title='bbox 349 2833 386 2880; x_wconf 99' lang='grc' dir='ltr'>ΡΙ)</span> <span class='ocrx_word' id='word_1_189' title='bbox 409 2831 419 2899; x_wconf 74' lang='grc' dir='ltr'>ΙΙ</span> <span class='ocrx_word' id='word_1_190' title='bbox 442 2835 457 2880; x_wconf 98' lang='grc'>2</span> <span class='ocrx_word' id='word_1_191' title='bbox 477 2828 550 2882; x_wconf 82' lang='grc' dir='ltr'><strong>Ν66)</strong></span> <span class='ocrx_word' id='word_1_192' title='bbox 575 2829 631 2883; x_wconf 87' lang='lat' dir='ltr'>sius</span> <span class='ocrx_word' id='word_1_193' title='bbox 650 2836 688 2882; x_wconf 80' lang='lat' dir='ltr'>Pa</span> <span class='ocrx_word' id='word_1_194' title='bbox 710 2832 720 2900; x_wconf 73' lang='lat' dir='ltr'>ll</span> <span class='ocrx_word' id='word_1_195' title='bbox 741 2835 759 2882; x_wconf 88' lang='lat'>4</span> <span class='ocrx_word' id='word_1_196' title='bbox 780 2828 910 2883; x_wconf 86' lang='lat' dir='ltr'>iasonide</span> <span class='ocrx_word' id='word_1_197' title='bbox 929 2835 949 2881; x_wconf 94' lang='grc' dir='ltr'><strong>Ρ</strong></span> <span class='ocrx_word' id='word_1_198' title='bbox 965 2831 975 2898; x_wconf 82' lang='grc' dir='ltr'>ΙΙ</span> <span class='ocrx_word' id='word_1_199' title='bbox 991 2832 1005 2879; x_wconf 79' lang='grc'>6</span> <span class='ocrx_word' id='word_1_200' title='bbox 1024 2823 1061 2887; x_wconf 78' lang='lat' dir='ltr'>est]</span> 
     </span>
     <span class='ocr_line' id='line_1_29' title="bbox 75 2891 1062 2972; baseline -0.007 -18"><span class='ocrx_word' id='word_1_201' title='bbox 75 2901 112 2954; x_wconf 78' lang='lat' dir='ltr'>st</span> <span class='ocrx_word' id='word_1_202' title='bbox 130 2907 150 2952; x_wconf 81' lang='lat' dir='ltr'>L</span> <span class='ocrx_word' id='word_1_203' title='bbox 166 2905 170 2967; x_wconf 91' lang='grc' dir='ltr'><strong>Ι</strong></span> <span class='ocrx_word' id='word_1_204' title='bbox 186 2899 336 2953; x_wconf 82' lang='lat' dir='ltr'>taurifcrus</span> <span class='ocrx_word' id='word_1_205' title='bbox 354 2906 392 2952; x_wconf 84' lang='lat' dir='ltr'>Pa</span> <span class='ocrx_word' id='word_1_206' title='bbox 414 2903 424 2967; x_wconf 89' lang='grc' dir='ltr'>ΙΙ</span> <span class='ocrx_word' id='word_1_207' title='bbox 447 2905 461 2951; x_wconf 90' lang='grc'>7</span> <span class='ocrx_word' id='word_1_208' title='bbox 481 2919 646 2954; x_wconf 72' lang='grc'><strong>6666666666.</strong></span> <span class='ocrx_word' id='word_1_209' title='bbox 665 2900 836 2955; x_wconf 82' lang='lat' dir='ltr'>Thoumesos</span> <span class='ocrx_word' id='word_1_210' title='bbox 855 2906 875 2952; x_wconf 78' lang='lat'>1.</span> <span class='ocrx_word' id='word_1_211' title='bbox 897 2902 903 2972; x_wconf 89' lang='grc' dir='ltr'>Ι</span> <span class='ocrx_word' id='word_1_212' title='bbox 922 2891 1062 2961; x_wconf 69' lang='grc' dir='ltr'>1166667)ΙΙ</span> 
     </span>
     <span class='ocr_line' id='line_1_30' title="bbox 76 2964 1062 3042; baseline -0.006 -16"><span class='ocrx_word' id='word_1_213' title='bbox 76 2978 92 3026; x_wconf 85' lang='grc'>8</span> <span class='ocrx_word' id='word_1_214' title='bbox 120 2971 248 3026; x_wconf 87' lang='lat' dir='ltr'>hostibus</span> <span class='ocrx_word' id='word_1_215' title='bbox 277 2976 315 3023; x_wconf 83' lang='lat' dir='ltr'>Pa</span> <span class='ocrx_word' id='word_1_216' title='bbox 337 2973 346 3040; x_wconf 76' lang='lat' dir='ltr'>ll</span> <span class='ocrx_word' id='word_1_217' title='bbox 370 2978 384 3024; x_wconf 88' lang='grc'>9</span> <span class='ocrx_word' id='word_1_218' title='bbox 404 2969 508 3025; x_wconf 90' lang='lat' dir='ltr'>uirides</span> <span class='ocrx_word' id='word_1_219' title='bbox 531 2977 568 3024; x_wconf 93' lang='grc' dir='ltr'>ΡΙ)</span> <span class='ocrx_word' id='word_1_220' title='bbox 591 2975 601 3042; x_wconf 82' lang='grc' dir='ltr'>ΙΙ</span> <span class='ocrx_word' id='word_1_221' title='bbox 625 2977 658 3025; x_wconf 91' lang='grc'>10</span> <span class='ocrx_word' id='word_1_222' title='bbox 682 2971 872 3026; x_wconf 83' lang='lat' dir='ltr'>excubantum</span> <span class='ocrx_word' id='word_1_223' title='bbox 899 2969 992 3041; x_wconf 82' lang='lat' dir='ltr'>uigilis</span> <span class='ocrx_word' id='word_1_224' title='bbox 1013 2973 1042 3020; x_wconf 79' lang='grc' dir='ltr'>Ρ)</span> <span class='ocrx_word' id='word_1_225' title='bbox 1056 2964 1062 3033; x_wconf 70' lang='lat' dir='ltr'>l!</span> 
     </span>
     <span class='ocr_line' id='line_1_31' title="bbox 77 3042 1012 3112; baseline -0.003 -16"><span class='ocrx_word' id='word_1_226' title='bbox 77 3049 110 3096; x_wconf 88' lang='grc'>14</span> <span class='ocrx_word' id='word_1_227' title='bbox 128 3044 206 3097; x_wconf 79' lang='lat' dir='ltr'>schol.</span> <span class='ocrx_word' id='word_1_228' title='bbox 227 3048 278 3095; x_wconf 85' lang='grc'>376</span> <span class='ocrx_word' id='word_1_229' title='bbox 301 3044 350 3096; x_wconf 82' lang='lat' dir='ltr'>boc</span> <span class='ocrx_word' id='word_1_230' title='bbox 374 3044 469 3096; x_wconf 80' lang='lat' dir='ltr'>ardiae</span> <span class='ocrx_word' id='word_1_231' title='bbox 488 3046 600 3112; x_wconf 78' lang='lat' dir='ltr'>praebet</span> <span class='ocrx_word' id='word_1_232' title='bbox 617 3049 650 3096; x_wconf 84' lang='lat' dir='ltr'>L:</span> <span class='ocrx_word' id='word_1_233' title='bbox 678 3060 790 3097; x_wconf 74' lang='grc'><strong>666666.</strong></span> <span class='ocrx_word' id='word_1_234' title='bbox 810 3042 901 3111; x_wconf 80' lang='lat' dir='ltr'>Dyrce</span> <span class='ocrx_word' id='word_1_235' title='bbox 925 3044 1012 3095; x_wconf 86' lang='lat' dir='ltr'>autem</span> 
     </span>
     <span class='ocr_line' id='line_1_32' title="bbox 76 3112 1061 3181; baseline -0.004 -14"><span class='ocrx_word' id='word_1_236' title='bbox 76 3113 205 3167; x_wconf 86' lang='lat' dir='ltr'>cessauit.</span> <span class='ocrx_word' id='word_1_237' title='bbox 219 3131 374 3171; x_wconf 78' lang='lat' dir='ltr'>roervsove</span> <span class='ocrx_word' id='word_1_238' title='bbox 393 3131 479 3165; x_wconf 81' lang='lat' dir='ltr'>rovoa</span> <span class='ocrx_word' id='word_1_239' title='bbox 498 3130 568 3181; x_wconf 89' lang='lat' dir='ltr'>quos</span> <span class='ocrx_word' id='word_1_240' title='bbox 588 3157 593 3166; x_wconf 95' lang='lat'>.</span> <span class='ocrx_word' id='word_1_241' title='bbox 610 3157 615 3167; x_wconf 88' lang='lat'>.</span> <span class='ocrx_word' id='word_1_242' title='bbox 632 3157 637 3166; x_wconf 94' lang='lat'>.</span> <span class='ocrx_word' id='word_1_243' title='bbox 657 3112 773 3166; x_wconf 83' lang='lat' dir='ltr'>inuexit.</span> <span class='ocrx_word' id='word_1_244' title='bbox 792 3112 896 3168; x_wconf 90' lang='lat' dir='ltr'>Lucan.</span> <span class='ocrx_word' id='word_1_245' title='bbox 915 3113 1061 3176; x_wconf 77' lang='lat' dir='ltr'>Matremque</span> 
     </span>
     <span class='ocr_line' id='line_1_33' title="bbox 77 3174 1062 3251; baseline -0.001 -12"><span class='ocrx_word' id='word_1_246' title='bbox 77 3228 126 3239; x_wconf 87' lang='lat'>...</span> <span class='ocrx_word' id='word_1_247' title='bbox 146 3184 247 3238; x_wconf 87' lang='lat' dir='ltr'>infans.</span> <span class='ocrx_word' id='word_1_248' title='bbox 268 3183 365 3238; x_wconf 83' lang='lat' dir='ltr'>Solent</span> <span class='ocrx_word' id='word_1_249' title='bbox 384 3227 389 3237; x_wconf 93' lang='lat'>.</span> <span class='ocrx_word' id='word_1_250' title='bbox 407 3228 411 3237; x_wconf 94' lang='lat'>.</span> <span class='ocrx_word' id='word_1_251' title='bbox 429 3227 434 3237; x_wconf 93' lang='lat'>.</span> <span class='ocrx_word' id='word_1_252' title='bbox 453 3185 640 3238; x_wconf 88' lang='lat' dir='ltr'>membrorum</span> <span class='ocrx_word' id='word_1_253' title='bbox 663 3188 672 3251; x_wconf 89' lang='grc' dir='ltr'>ΙΙ</span> <span class='ocrx_word' id='word_1_254' title='bbox 697 3189 729 3237; x_wconf 77' lang='grc'>15</span> <span class='ocrx_word' id='word_1_255' title='bbox 748 3183 847 3251; x_wconf 86' lang='lat' dir='ltr'>Tyrios</span> <span class='ocrx_word' id='word_1_256' title='bbox 866 3184 940 3239; x_wconf 87' lang='lat' dir='ltr'>lares</span> <span class='ocrx_word' id='word_1_257' title='bbox 957 3179 1045 3238; x_wconf 73' lang='lat' dir='ltr'>inem</span> <span class='ocrx_word' id='word_1_258' title='bbox 1055 3174 1062 3245; x_wconf 80' lang='lat' dir='ltr'>l</span> 
     </span>
     <span class='ocr_line' id='line_1_34' title="bbox 77 3251 1061 3324; baseline -0.005 -16"><span class='ocrx_word' id='word_1_259' title='bbox 77 3262 109 3309; x_wconf 88' lang='grc'>16</span> <span class='ocrx_word' id='word_1_260' title='bbox 124 3255 192 3310; x_wconf 74' lang='lat' dir='ltr'>uini</span> <span class='ocrx_word' id='word_1_261' title='bbox 205 3273 272 3310; x_wconf 81' lang='lat' dir='ltr'>corr.</span> <span class='ocrx_word' id='word_1_262' title='bbox 285 3258 316 3309; x_wconf 80' lang='lat' dir='ltr'>ia</span> <span class='ocrx_word' id='word_1_263' title='bbox 330 3255 377 3307; x_wconf 75' lang='lat' dir='ltr'>nii</span> <span class='ocrx_word' id='word_1_264' title='bbox 389 3260 427 3307; x_wconf 82' lang='lat' dir='ltr'>Pa</span> <span class='ocrx_word' id='word_1_265' title='bbox 440 3257 449 3324; x_wconf 75' lang='lat' dir='ltr'>ll</span> <span class='ocrx_word' id='word_1_266' title='bbox 464 3260 496 3307; x_wconf 91' lang='grc'>17</span> <span class='ocrx_word' id='word_1_267' title='bbox 512 3258 604 3308; x_wconf 86' lang='lat' dir='ltr'>utrum</span> <span class='ocrx_word' id='word_1_268' title='bbox 615 3261 651 3307; x_wconf 95' lang='grc' dir='ltr'>ΡΙ)</span> <span class='ocrx_word' id='word_1_269' title='bbox 669 3258 672 3323; x_wconf 88' lang='grc' dir='ltr'><strong>Ι</strong></span> <span class='ocrx_word' id='word_1_270' title='bbox 688 3255 866 3310; x_wconf 80' lang='lat' dir='ltr'>monstrum?</span> <span class='ocrx_word' id='word_1_271' title='bbox 879 3258 889 3323; x_wconf 78' lang='grc' dir='ltr'>ΙΙ</span> <span class='ocrx_word' id='word_1_272' title='bbox 904 3260 937 3309; x_wconf 85' lang='grc'>18</span> <span class='ocrx_word' id='word_1_273' title='bbox 951 3251 1061 3324; x_wconf 66' lang='lat' dir='ltr'>punina</span> 
     </span>
     <span class='ocr_line' id='line_1_35' title="bbox 74 3318 1105 3397; baseline -0.004 -18"><span class='ocrx_word' id='word_1_274' title='bbox 74 3327 178 3396; x_wconf 85' lang='lat' dir='ltr'>puteiis</span> <span class='ocrx_word' id='word_1_275' title='bbox 201 3344 269 3381; x_wconf 78' lang='lat' dir='ltr'>corr.</span> <span class='ocrx_word' id='word_1_276' title='bbox 289 3344 322 3380; x_wconf 75' lang='lat' dir='ltr'>ea</span> <span class='ocrx_word' id='word_1_277' title='bbox 344 3327 445 3395; x_wconf 76' lang='lat' dir='ltr'>putens</span> <span class='ocrx_word' id='word_1_278' title='bbox 464 3331 515 3395; x_wconf 73' lang='grc' dir='ltr'>ΠΙ</span> <span class='ocrx_word' id='word_1_279' title='bbox 540 3343 652 3380; x_wconf 88' lang='lat' dir='ltr'>manere</span> <span class='ocrx_word' id='word_1_280' title='bbox 670 3332 708 3378; x_wconf 83' lang='lat' dir='ltr'>Pa</span> <span class='ocrx_word' id='word_1_281' title='bbox 730 3328 740 3395; x_wconf 74' lang='lat' dir='ltr'>ll</span> <span class='ocrx_word' id='word_1_282' title='bbox 764 3331 797 3379; x_wconf 84' lang='lat'>19</span> <span class='ocrx_word' id='word_1_283' title='bbox 817 3326 904 3397; x_wconf 87' lang='lat' dir='ltr'>enim]</span> <span class='ocrx_word' id='word_1_284' title='bbox 930 3327 1015 3379; x_wconf 87' lang='lat' dir='ltr'>autem</span> <span class='ocrx_word' id='word_1_285' title='bbox 1028 3318 1060 3371; x_wconf 67' lang='lat'>11¹</span> <span class='ocrx_word' id='word_1_286' title='bbox 1103 3340 1105 3355; x_wconf 89' lang='lat'>·</span> 
     </span>
     <span class='ocr_line' id='line_1_36' title="bbox 75 3394 1059 3467; baseline -0.006 -17"><span class='ocrx_word' id='word_1_287' title='bbox 75 3415 156 3451; x_wconf 86' lang='lat' dir='ltr'>omne</span> <span class='ocrx_word' id='word_1_288' title='bbox 174 3403 211 3450; x_wconf 85' lang='lat' dir='ltr'>Pb</span> <span class='ocrx_word' id='word_1_289' title='bbox 231 3403 290 3451; x_wconf 79' lang='lat' dir='ltr'>ome</span> <span class='ocrx_word' id='word_1_290' title='bbox 308 3402 346 3449; x_wconf 83' lang='lat' dir='ltr'>Pa</span> <span class='ocrx_word' id='word_1_291' title='bbox 367 3398 371 3464; x_wconf 87' lang='grc' dir='ltr'><strong>Ι</strong></span> <span class='ocrx_word' id='word_1_292' title='bbox 395 3396 509 3466; x_wconf 87' lang='lat' dir='ltr'>publica</span> <span class='ocrx_word' id='word_1_293' title='bbox 527 3402 555 3448; x_wconf 74' lang='grc' dir='ltr'>Η</span> <span class='ocrx_word' id='word_1_294' title='bbox 577 3400 586 3467; x_wconf 82' lang='grc' dir='ltr'>ΙΙ</span> <span class='ocrx_word' id='word_1_295' title='bbox 609 3402 643 3449; x_wconf 95' lang='grc'>20</span> <span class='ocrx_word' id='word_1_296' title='bbox 660 3394 779 3466; x_wconf 86' lang='lat' dir='ltr'>bicapit’</span> <span class='ocrx_word' id='word_1_297' title='bbox 801 3401 828 3448; x_wconf 81' lang='lat' dir='ltr'>u</span> <span class='ocrx_word' id='word_1_298' title='bbox 865 3396 1000 3466; x_wconf 83' lang='lat' dir='ltr'>incapitns</span> <span class='ocrx_word' id='word_1_299' title='bbox 1015 3397 1059 3445; x_wconf 79' lang='grc' dir='ltr'>Ρ).</span> 
     </span>
     <span class='ocr_line' id='line_1_37' title="bbox 75 3462 1060 3537; baseline -0.005 -16"><span class='ocrx_word' id='word_1_300' title='bbox 75 3484 190 3521; x_wconf 86' lang='lat' dir='ltr'>numero</span> <span class='ocrx_word' id='word_1_301' title='bbox 215 3473 242 3520; x_wconf 75' lang='lat'>1</span> <span class='ocrx_word' id='word_1_302' title='bbox 264 3471 273 3537; x_wconf 75' lang='lat' dir='ltr'>ll</span> <span class='ocrx_word' id='word_1_303' title='bbox 301 3474 334 3520; x_wconf 89' lang='grc'>22</span> <span class='ocrx_word' id='word_1_304' title='bbox 359 3483 446 3536; x_wconf 86' lang='lat' dir='ltr'>regna</span> <span class='ocrx_word' id='word_1_305' title='bbox 471 3472 507 3519; x_wconf 94' lang='grc' dir='ltr'>ΡΙ)</span> <span class='ocrx_word' id='word_1_306' title='bbox 544 3484 633 3536; x_wconf 84' lang='lat' dir='ltr'>ragna</span> <span class='ocrx_word' id='word_1_307' title='bbox 655 3474 693 3520; x_wconf 80' lang='lat' dir='ltr'>Pa</span> <span class='ocrx_word' id='word_1_308' title='bbox 715 3470 724 3537; x_wconf 80' lang='grc' dir='ltr'>ΙΙ</span> <span class='ocrx_word' id='word_1_309' title='bbox 752 3472 786 3520; x_wconf 89' lang='grc'>23</span> <span class='ocrx_word' id='word_1_310' title='bbox 809 3467 964 3521; x_wconf 86' lang='lat' dir='ltr'>baoharnm</span> <span class='ocrx_word' id='word_1_311' title='bbox 986 3462 1060 3518; x_wconf 74' lang='lat' dir='ltr'>ll’ai</span> 
     </span>
    </p>
   </div>
   <div class='ocr_carea' id='block_1_4' title="bbox 75 3537 991 3608">
    <p class='ocr_par' dir='ltr' id='par_1_11' title="bbox 75 3537 991 3608">
     <span class='ocr_line' id='line_1_38' title="bbox 75 3537 991 3608; baseline 0.002 -18"><span class='ocrx_word' id='word_1_312' title='bbox 75 3539 158 3608; x_wconf 86' lang='lat' dir='ltr'>quasi</span> <span class='ocrx_word' id='word_1_313' title='bbox 176 3544 212 3591; x_wconf 91' lang='grc' dir='ltr'>ΡΙ)</span> <span class='ocrx_word' id='word_1_314' title='bbox 226 3541 236 3607; x_wconf 74' lang='grc' dir='ltr'>ΙΙ</span> <span class='ocrx_word' id='word_1_315' title='bbox 250 3544 283 3592; x_wconf 87' lang='grc'>26</span> <span class='ocrx_word' id='word_1_316' title='bbox 302 3538 379 3591; x_wconf 89' lang='lat' dir='ltr'>modi</span> <span class='ocrx_word' id='word_1_317' title='bbox 398 3537 435 3591; x_wconf 89' lang='lat' dir='ltr'>sit</span> <span class='ocrx_word' id='word_1_318' title='bbox 453 3544 490 3590; x_wconf 84' lang='lat' dir='ltr'>Pa</span> <span class='ocrx_word' id='word_1_319' title='bbox 506 3540 510 3607; x_wconf 92' lang='grc' dir='ltr'><strong>Ι</strong></span> <span class='ocrx_word' id='word_1_320' title='bbox 527 3537 573 3592; x_wconf 90' lang='lat' dir='ltr'>hic</span> <span class='ocrx_word' id='word_1_321' title='bbox 590 3544 627 3591; x_wconf 99' lang='grc' dir='ltr'>ΡΙ)</span> <span class='ocrx_word' id='word_1_322' title='bbox 644 3542 648 3608; x_wconf 85' lang='grc' dir='ltr'><strong>Ι</strong></span> <span class='ocrx_word' id='word_1_323' title='bbox 665 3539 749 3606; x_wconf 82' lang='lat' dir='ltr'>facto,</span> <span class='ocrx_word' id='word_1_324' title='bbox 768 3538 879 3607; x_wconf 83' lang='lat' dir='ltr'>habitu,</span> <span class='ocrx_word' id='word_1_325' title='bbox 899 3537 991 3592; x_wconf 79' lang='lat' dir='ltr'>dicto?</span> 
     </span>
    </p>
   </div>
   <div class='ocr_carea' id='block_1_5' title="bbox 0 0 1196 3930">
    <p class='ocr_par' dir='ltr' id='par_1_12' title="bbox 0 0 1196 3930">
     <span class='ocr_line' id='line_1_39' title="bbox 0 0 1196 3930; baseline 0 0"><span class='ocrx_word' id='word_1_326' title='bbox 0 0 1196 3930; x_wconf 95' lang='lat' dir='ltr'> </span> 
     </span>
    </p>
   </div>
  </div>
 </body>
</html>
