2378 3930
118 155 144 208 X
514 153 728 210 PRAEFATIO.

119 305 293 382 recederem,
317 305 452 364 sedeam
474 306 631 364 restituere
654 306 811 384 studerem,
836 325 925 382 quam
949 324 967 364 a
986 325 1132 365 commen·

119 395 264 453 taricmm
288 398 408 454 auctore
427 396 570 471 scriptam
592 413 656 454 esse
675 395 836 454 credebam.
866 395 971 471 quodsi
994 395 1026 453 in
1043 414 1133 454 uoca-

118 484 197 542 bulis
225 483 385 542 scribendis
413 503 472 543 non
501 503 616 560 semper
644 484 718 542 mihi
746 485 879 562 constiti,
907 484 1026 542 ueniam
1058 485 1132 542 mihi

120 571 212 650 dabit,
232 573 291 649 qui,
305 592 360 648 per
374 575 519 648 quantum
538 573 680 648 temporis
694 573 825 648 spatium
838 573 907 631 huie
925 572 1002 632 libro
1018 573 1131 632 edendo

120 680 241 737 operam
264 662 408 739 dederim,
432 660 673 721 consideraue'rit.

186 751 305 826 Restat,
328 753 363 809 ut
390 752 504 828 gratim
528 769 618 828 agam
641 769 731 826 quam
758 751 902 809 maximas
929 751 1004 809 uiris
1026 751 1132 829 dcctiS,

121 839 226 915 quiin
250 838 431 898 elaboranda
457 841 514 898 hac
537 839 666 898 editione
689 859 721 898 re
745 841 835 915 atquc
858 839 981 898 consilio
1009 859 1056 898 me
1080 841 1133 898 ad-

120 929 273 986 iuuenmt:
301 928 458 988 Eldmundo
485 927 602 1006 Kelter,
626 929 677 1004 qui
707 928 881 987 collationes
909 929 1132 988 accuratissime

119 1017 215 1076 factas
238 1017 312 1074 mihi
335 1018 492 1095 concessit,
515 1017 642 1076 Ricardo
665 1017 766 1094 Klotz,
791 1018 841 1093 qui
865 1018 956 1076 etiam
983 1018 1015 1075 in
1042 1019 1133 1076 com'-

120 1106 224 1183 gendis
246 1106 377 1184 plagulis
396 1106 469 1164 mihi
489 1106 650 1165 auxiliatus
673 1108 727 1183 est,
749 1106 899 1165 Priderico
913 1106 1056 1183 Vollmer,
1080 1107 1133 1182 qui

120 1194 216 1254 denuo
236 1194 484 1254 officiosissimum
502 1196 534 1253 in
552 1215 600 1252 me
618 1195 746 1253 amicum
765 1214 795 1254 se
813 1195 973 1271 praestitit.
1002 1213 1133 1254 summas

119 1303 191 1343 uero
209 1284 328 1361 'gratias
352 1303 409 1361 ago
432 1285 603 1343 Hermanno
624 1283 746 1362 Vsener,
769 1284 852 1343 cuius
874 1284 1057 1342 liberalitate
1081 1284 1133 1341 ad·

120 1372 202 1432 intus
224 1372 363 1431 Lutetiae
387 1372 578 1431 Parisiorum·
592 1376 729 1432 uersatus
753 1391 825 1431 sum.
860 1391 878 1431 a
902 1391 974 1449 quo,
997 1375 1032 1430 ut
1054 1374 1134 1431 hunc

120 1461 229 1519 librum
257 1460 379 1535 pietatis
408 1460 617 1520 documentum
641 1462 782 1538 accipiat,
810 1464 879 1538 peto
907 1462 957 1538 pio
986 1464 1133 1538 gratoque

121 1568 229 1608 ammo.

189 1673 360 1734 Scribebam
374 1673 562 1733 Elberfeldae
576 1692 676 1733 mense
688 1674 764 1733 Iulio
780 1675 851 1733 anni
865 1673 1133 1734 Mocccxcvffl.
