2416 3936
322 185 611 242 COMMENTARIVS
630 185 670 239 IN
687 185 829 240 LIBRVM
845 184 892 241 VI.
1048 185 1113 251 303

98 338 164 395 filii.
210 336 371 414 figuratum
394 356 500 395 nomen
523 337 573 394 uel
596 355 614 394 a
636 336 795 412 participio
818 337 997 396 festinans
1024 338 1072 395 uel
1096 356 1115 395 a

100 426 192 485 uerbo
222 427 366 485 festino.
412 425 557 502 Virgilius
580 420 675 504 (Aen.
694 425 737 483 IX
756 421 904 504 488sq>=
933 421 1000 485 ‘tibi
1024 447 1114 502 quam

100 518 203 575 noctes
225 516 335 573 festina
358 515 478 590 diesque
501 509 665 592 urgebam’.
959 565 960 568 ,

169 607 209 664 79
231 596 302 685 (84)
328 621 423 663 ouum
445 621 571 662 nomme
596 603 705 662 conscii
728 606 963 678 praeceptorum.

67 711 82 749 5
170 695 211 753 80
231 686 303 775 (85)
328 710 460 753 Avovnrs
483 695 570 768 pater
592 712 699 768 pyram
725 691 788 751 filio
812 693 954 768 faciebat,
978 694 1114 752 sacerdos

99 781 239 859 serpenti,
264 782 334 857 quia
357 782 446 840 fuisse
470 782 549 840 filius
571 782 678 841 Martis
702 782 883 840 credebatur.

168 873 209 931 88
231 863 304 952 (95)
326 888 471 930 arnonas
489 871 647 947 Nymphae
671 871 723 929 diu
744 870 853 929 uiuunt
876 873 906 928 et
928 873 1029 929 tamen
1051 891 1113 930 mo-

100 961 225 1020 riuntur.
262 960 353 1018 istam
372 962 472 1018 autem
495 979 601 1036 pyram
625 961 698 1019 dicit
719 960 781 1019 illis
805 959 1004 1035 antiquiorem
1023 960 1113 1019 fuisse

101 1052 132 1107 et
157 1052 226 1125 post
253 1051 379 1108 mortem
411 1049 532 1107 illorum
557 1050 735 1108 incolumem
759 1048 796 1108 ob
818 1050 961 1108 honorem
984 1050 1113 1108 numinis

56 1155 85 1194 ro
100 1139 282 1214 perdurasse.
319 1141 468 1197 ueterno
488 1141 589 1197 autem
608 1139 684 1197 dixit
702 1139 741 1197 ad
760 1138 991 1197 ostentationem
1005 1138 1113 1197 aetatis

99 1227 249 1303 antiquae.

168 1318 208 1377 92
229 1308 300 1396 (99)
334 1333 466 1374 rnnansx
495 1333 668 1376 ovnnnssvs
702 1335 778 1392 quae
810 1314 964 1392 nunquam
996 1315 1115 1374 exuitur

96 1406 209 1464 honore
237 1404 385 1463 foliorum.
503 1422 725 1472 ouxcxmrovn
754 1423 856 1465 xnnvs
885 1403 1009 1464 Ouidius
1036 1406 1112 1463 hanc

98 1494 352 1553 enumerationem
375 1494 514 1552 arborum
538 1494 678 1570 epithetis
701 1494 761 1553 suis
785 1495 898 1554 decimo
920 1495 997 1553 libro
1021 1488 1110 1571 <met

55 1595 81 1635 15
95 1584 123 1642 X
145 1578 280 1661 90sqq.>
302 1583 495 1642 monstrauit:

165 1702 281 1765 ‘umbra
304 1708 369 1766 loco
392 1709 484 1766 uenit.
530 1728 589 1767 non
614 1707 742 1767 Chaonis
765 1709 862 1767 abfuit
885 1709 981 1783 arbor,
1120 1714 1207 1755 nme.

163 1815 224 1855 non
246 1815 349 1855 nemus
371 1797 541 1873 Heliadum,
563 1817 623 1856 non
646 1798 800 1856 frondibus
823 1799 957 1857 aesculus
981 1796 1059 1875 altis

164 1905 218 1945 nec
241 1886 325 1944 tiliae
348 1886 452 1945 molles
475 1906 529 1945 nec
551 1887 639 1964 fagus
662 1889 693 1944 et
714 1886 826 1944 innuba
849 1889 951 1945 laurus

164 1994 218 2033 nec
241 1975 335 2050 coryli
357 1975 481 2052 fragiles
504 1978 535 2033 et
556 1976 690 2033 fraxinus
713 1975 797 2033 utilis
819 1976 915 2035 hastis

165 2064 325 2139 enodisque
348 2064 429 2122 abies
453 2067 635 2140 curuataque
658 2064 816 2142 glandibus
838 2065 898 2122 ilex

166 2155 197 2211 et
218 2154 359 2228 platanus
382 2154 509 2230 genialis
532 2172 656 2229 acerque
680 2152 827 2212 coloribus
853 2154 951 2229 impar

165 2242 388 2317 amnicolaeque
412 2243 500 2300 simul
524 2243 628 2302 salices
651 2245 682 2300 et
705 2241 845 2317 aquatica
867 2243 946 2300 lotos

164 2333 367 2407 perpetuoque
389 2331 489 2389 uirens
511 2332 605 2390 buxus
628 2334 789 2406 tenuesque
812 2330 942 2406 myricae

165 2421 196 2477 et
217 2419 332 2478 bicolor
353 2423 469 2495 myrtus
492 2423 523 2478 et
544 2421 625 2479 bacis
649 2420 767 2478 caerula
790 2420 879 2478 tinus.

163 2527 219 2567 uos
243 2528 368 2584 quoque,
391 2509 548 2584 flexipedes
570 2510 704 2584 hederae,
727 2508 852 2567 uenistis
876 2511 907 2567 et
928 2528 988 2567 una

163 2597 340 2674 pampineae
363 2599 440 2656 uites
464 2601 494 2656 et
517 2599 629 2657 amicae
651 2598 763 2656 uitibus
786 2598 861 2656 ulmi

123 2705 124 2709 ¹
165 2687 289 2762 ornique
313 2690 343 2745 et
365 2688 466 2762 piceae
489 2706 636 2763 pomoque
661 2690 784 2746 onerata
806 2687 925 2745 rubenti

171 2915 185 2961 1
201 2910 311 2965 uelem.
325 2917 363 2963 Pb
380 2913 384 2980 Ι
400 2911 431 2964 a¹
445 2918 470 2965 et
488 2910 520 2964 a'
532 2927 583 2966 cm.
597 2916 635 2964 Pa
649 2913 658 2980 ΙΙ
672 2916 688 2964 3
701 2912 854 2979 noctesque
873 2909 989 2978 diesque
1007 2909 1110 2965 festino

97 2987 133 3034 Pb
151 2981 155 3052 )
171 2982 308 3051 urgebam
327 2999 377 3036 om.
394 2987 487 3035 LIPa
501 2984 541 3052 (4
558 2982 668 3036 monitu
682 2987 718 3035 Pb
733 2985 772 3051 116
792 2981 869 3053 quia]
890 2983 919 3035 et
936 2987 974 3035 Pa
990 2983 994 3050 Ι
1010 2981 1110 3035 Martis

10 3050 12 3095 ἶ
97 3052 172 3106 filius
190 3058 237 3105 LP
253 3056 256 3122 Ι
272 3054 429 3122 putabatur
445 3058 482 3105 Pb
496 3055 505 3122 ΙΙ
520 3059 535 3107 9
555 3053 692 3107 columem
706 3059 744 3107 Pa
760 3054 763 3125 )
780 3053 816 3106 ob
834 3052 957 3107 numinis
976 3052 1111 3106 honorem

96 3129 133 3176 Pb
147 3125 157 3192 Ι)
171 3129 205 3177 11
221 3123 332 3192 antiqui
340 3130 378 3178 Pa
391 3126 400 3194 Ι)
416 3130 448 3177 12
464 3127 602 3178 exuuntur
610 3129 647 3178 Ph
662 3126 671 3194 ΙΙ
686 3131 719 3178 13
732 3124 843 3178 filorum
852 3130 890 3177 Pa
907 3123 1029 3178 filiorum
1041 3142 1109 3179 corr.

96 3197 146 3264 11)
161 3201 196 3248 14
215 3196 346 3249 arborum
358 3213 409 3250 om.
423 3201 459 3248 Pb
476 3198 480 3263 Ι
498 3194 605 3250 decimo
624 3213 674 3251 om.
689 3202 726 3249 Pa
739 3197 748 3265 ΙΙ
764 3194 1036 3267 l'lnechlasculis
1050 3195 1108 3265 Pel

10 3280 12 3309 ÷
96 3265 230 3320 hastisll
253 3266 403 3321 hastusl’a
428 3266 499 3320 ustis
512 3273 550 3320 Pb
564 3270 573 3338 Ι(
588 3273 621 3320 18
635 3267 761 3336 filiani!
778 3273 809 3320 19
824 3283 874 3321 nec
889 3273 925 3320 Pb
952 3269 981 3321 et
994 3272 1088 3320 Lura
1101 3267 1112 3340 Ι(

10 3342 12 3381 :
98 3343 132 3390 20
147 3337 227 3392 abies
241 3355 292 3392 om.
306 3344 343 3391 Pb
358 3340 366 3408 (Ι
381 3344 413 3391 21
430 3338 583 3392 cultoribus
597 3344 635 3393 Pa
655 3357 723 3395 corr.
738 3344 766 3390 1
781 3340 785 3408 Ι
801 3337 884 3408 inpar
896 3344 966 3391 Ira
980 3343 988 3406 ΙΙ
1003 3343 1036 3391 22
1052 3355 1110 3392 am·

96 3408 263 3477 nicolaeque
283 3453 288 3465 .
305 3451 332 3464 ..
352 3409 475 3478 myricae
496 3428 546 3465 om.
566 3416 634 3464 nb
655 3413 665 3481 Ι(
686 3417 720 3463 24
738 3409 857 3463 Bacchis
875 3416 895 3462 Ι.
912 3412 915 3480 Ι
931 3409 1014 3479 pinus
1033 3415 1110 3463 m

96 3482 162 3536 uide
178 3481 310 3536 Ouidium
323 3485 332 3550 1)
347 3487 380 3534 26
399 3481 520 3536 amictae
541 3481 662 3538 Ouidius
675 3484 686 3555 )(
699 3489 731 3538 21
746 3481 918 3554 piceeque!
939 3485 1008 3551 tora.
1020 3479 1135 3548 2³²th

93 3555 230 3619 generata
246 3557 282 3602 11·
302 3568 408 3620 genera
425 3559 464 3607 Pe
496 3572 590 3628 grana
609 3561 648 3612 Pb
665 3558 670 3630 )
686 3557 797 3614 rubent
810 3561 853 3611 Pb
886 3555 1059 3610 repentae
