2416 3936
298 176 588 233 COMMENTARIVS
606 177 646 232 IN
663 177 803 234 LIBRVM
820 179 855 234 Il.
1043 180 1085 245 81

138 333 180 390 42
195 347 312 395 -arovn
335 345 449 389 manns
471 346 570 387 namo
593 346 696 387 aaran
723 329 754 387 in
777 333 896 389 tantum
918 331 1088 390 Taenarum

65 423 203 481 montem
226 419 340 477 elatum
362 417 445 493 dicit,
467 419 503 475 ut
524 417 697 476 meridianis
718 419 813 495 horis,
841 420 948 496 quibus
971 421 1017 479 sol
1039 440 1087 479 oc-

67 509 152 570 cidui
174 508 251 567 caeli
274 509 401 583 occupat
423 509 549 583 partem,
572 506 678 565 umbra
701 507 764 566 eius
785 509 936 567 inumbret
957 509 1088 568 medium

69 618 163 658 mare.

37 708 52 749 a
138 689 180 746 43
203 703 372 744 mrnmoan
396 701 465 744 amr
492 684 566 744 dicit
591 685 690 744 nescio
719 705 778 761 qua
805 689 890 763 parte
919 688 1087 748 Taenarum

67 775 223 836 recuruari
247 775 286 833 ad
306 774 404 832 uicem
426 777 539 849 portus,
562 774 594 831 in
618 793 676 850 quo
700 774 791 832 refert
814 795 905 851 equos
928 797 996 837 suos
1019 798 1088 838 con·

68 865 204 926 saeuisse
227 863 379 922 stabulare
397 862 578 937 Neptunum.
607 865 654 922 est
676 866 777 921 autem
799 865 995 943 hyperbaton,
1017 868 1089 927 talis

67 958 106 1014 nt
134 955 175 1013 sit
202 953 288 1011 ordo:
321 955 352 1010 et
382 952 502 1010 tantum
528 952 614 1011 fessis
641 952 783 1010 insiditur
805 954 902 1015 astris.
947 956 1088 1015 interiore

68 1045 141 1104 sinu
175 1041 348 1118 frangentia
380 1040 471 1098 litora
503 1043 610 1100 curuat
640 1041 808 1117 Taenaros,
847 1044 998 1119 expositos
1029 1065 1090 1104 non

29 1154 56 1193 1o
70 1134 172 1194 audax
195 1130 335 1190 scandere
358 1129 477 1189 fluctus.
524 1133 572 1189 ast
593 1130 645 1189 ubi
667 1149 763 1207 prona
788 1131 850 1189 dies
873 1133 979 1211 longos
1002 1153 1091 1210 super

70 1241 205 1299 aequora
232 1220 309 1278 fines
332 1219 427 1296 exigit
448 1222 539 1294 atque
561 1220 666 1297 ingens
689 1220 787 1278 medio
810 1224 898 1279 natat
919 1223 1000 1280 unda
1022 1243 1091 1298 pro·

70 1312 179 1387 fundo,
210 1310 275 1368 illic
301 1309 423 1386 Aegaeo
450 1308 608 1384 Neptunus
639 1309 758 1386 gurgite
791 1309 884 1369 fessos
911 1311 943 1368 in
970 1315 1091 1387 portum

71 1401 193 1460 deducit
210 1416 310 1474 equos.
329 1416 512 1473 consequens
531 1400 576 1456 est
594 1398 681 1473 enim,
699 1399 812 1457 utnon
831 1401 1090 1476 appropinquante

72 1492 161 1549 noete
179 1490 285 1548 curuet
303 1487 456 1545 Taenarus
479 1487 589 1562 sinum,
613 1488 684 1563 quia
707 1489 753 1546 est
774 1490 884 1548 natura
906 1491 1017 1548 montis
1037 1491 1092 1548 im·

32 1595 61 1636 15
73 1578 209 1652 mobilis,
241 1577 293 1635 sed
323 1579 359 1634 ut
389 1575 549 1650 incipiente
581 1579 667 1634 nocte
696 1577 751 1635 illo
782 1577 820 1635 ad
848 1579 1092 1654 requiescendum

72 1669 234 1743 Neptunus
257 1683 348 1742 equos
371 1666 509 1724 adducat.
620 1683 819 1725 ruauennrna
836 1686 952 1727 amona
971 1686 1092 1728 cvnven

74 1757 240 1833 epitheton,
266 1755 338 1830 quia
359 1754 392 1812 in
414 1754 554 1812 litoribus
576 1754 674 1812 solent
695 1754 803 1814 fluctus
825 1756 933 1835 frangi.
1019 1777 1093 1817 rnn-

72 1863 176 1905 uanos
200 1860 371 1903 nxposmoa
394 1842 603 1920 topographia.
641 1844 791 1903 Taenaros
814 1845 897 1904 locus
919 1846 1094 1922 Laconicae,

74 1937 107 1994 in
128 1953 187 2011 quo
207 1933 306 1991 aditus
325 1932 435 1991 dieitur
454 1951 515 1990 esse
533 1931 704 1990 inferorum.
734 1936 770 1991 ut
791 1928 912 2013 (georg.
932 1935 975 1993 IV
994 1932 1094 2015 467>:

35 2020 255 2082 ao‘Taenarias
282 2021 375 2080 etiam
402 2022 517 2097 fauces,
543 2021 607 2080 alta
635 2021 713 2080 ostia
735 2018 835 2080 Ditis'.
882 2027 913 2082 et
940 2027 986 2083 est
1009 2027 1095 2084 ordo:

74 2115 159 2173 locus
189 2111 305 2169 Maleae
338 2110 505 2185 spumantis
536 2111 568 2168 id
600 2113 646 2168 est
680 2111 765 2169 iuxta
792 2111 923 2170 Maleum
956 2113 1095 2173 fiuctibus

75 2202 262 2262 concitatum
290 2218 324 2258 eo
354 2200 433 2275 quod
460 2198 503 2257 ibi
529 2218 612 2258 mare
640 2217 762 2257 saeuum
790 2201 842 2276 sit,
875 2202 926 2259 ubi
955 2205 1001 2260 est
1027 2221 1115 2278 pros

75 2289 264 2350 manturium
286 2289 425 2348 Maleum.
467 2288 544 2346 unde
567 2288 713 2366 Virgilius
737 2284 831 2367 <Aen
850 2289 879 2344 V
900 2288 997 2368 193>:
1021 2286 1096 2349 ‘Ma

75 2383 201 2456 leaeque
225 2377 400 2454 sequacibus
422 2372 530 2436 undis’.
575 2378 644 2435 inde
667 2397 753 2436 mons
776 2378 920 2456 exsurgit,
947 2379 999 2454 qui
1022 2380 1096 2438 Tae-

153 2622 270 2675 lsebol.
293 2621 326 2673 ire
348 2625 425 2672 m
447 2620 654 2689 acquiturpost
676 2623 782 2674 43...
807 2619 931 2694 adducat
965 2620 969 2692 Ι
1003 2620 1096 2675 medio

79 2711 107 2747 n.
122 2710 150 2762 p.
165 2696 193 2744 1
208 2692 212 2757 Ι
229 2692 258 2745 et
276 2692 389 2744 tantum
407 2695 443 2743 Pb
458 2693 497 2760 Ι3
517 2688 577 2742 eius
595 2689 695 2742 umbra
713 2695 733 2742 L
749 2691 753 2759 Ι
769 2688 914 2745 inumbrat
931 2698 969 2744 Pa
990 2693 1000 2761 ΙΙ
1023 2696 1119 2745 oms

79 2781 196 2817 nemone
216 2781 277 2815 emv
295 2779 346 2816 om.
365 2766 392 2813 L
408 2761 411 2833 Ι
433 2760 464 2814 in
482 2777 538 2828 qua
555 2762 635 2830 parte
654 2767 674 2813 L
692 2763 701 2830 ΙΙ
721 2766 736 2814 7
755 2761 894 2816 stabulari
912 2769 956 2815 LP
977 2766 981 2832 Ι
1003 2765 1098 2816 autem

80 2853 131 2890 om.
152 2840 172 2886 L
195 2833 199 2905 Ι
224 2832 402 2902 hyperbaton
422 2831 530 2887 ...sit
547 2837 638 2886 om]
663 2833 673 2900 Ι
700 2832 929 2887 8ordotalis1’
955 2836 964 2902 ΙΙ
993 2833 1097 2886 9Tae-

79 2922 167 2960 nanus
186 2910 231 2957 LP
256 2904 260 2974 Ι
286 2902 429 2973 expositus
448 2907 485 2955 Pb
511 2904 515 2970 Ι
539 2919 596 2956 non
615 2902 709 2955 audax
727 2921 777 2958 om.
797 2908 824 2955 L
850 2907 860 2974 ΙΙ
887 2909 920 2957 10
940 2903 1034 2957 audax
1052 2909 1099 2956 Lm

80 2981 197 3031 aususL
212 2975 318 3029 audens
331 2980 369 3027 Pe
384 2973 501 3029 audiens
515 2978 552 3025 Pb
566 2975 576 3042 ΙΙ
590 2978 624 3026 10
637 2971 722 3043 longo
737 2976 786 3043 11Ι
801 2980 833 3027 11
845 2991 946 3044 equore
960 2979 997 3026 Pb
1014 2977 1017 3044 Ι
1034 2974 1097 3028 finis

79 3048 143 3117 ΡαΙΙ
157 3053 190 3099 13
208 3046 296 3118 enim]
313 3051 403 3100 nonL
419 3048 423 3113 Ι
440 3061 496 3098 non
509 3061 559 3098 om.
574 3049 619 3096 LP
631 3045 641 3114 ΙΙ
657 3050 690 3097 14
705 3046 842 3102 noete...
861 3047 944 3100 nocte
963 3063 1013 3100 cra.
1033 3051 1070 3098 Pb
1092 3046 1094 3115 Ι

80 3119 226 3172 Taenarus
250 3119 348 3171 curuet
370 3122 390 3169 L
412 3119 421 3186 Ι
450 3121 483 3169 16
506 3113 659 3185 incipiente
681 3118 764 3170 nocte
787 3123 877 3172 om.L
906 3117 910 3189 Ι
941 3116 991 3170 illo
1011 3133 1097 3186 equos

80 3189 231 3259 Neptunus
255 3188 293 3241 ad
314 3185 546 3256 requiescendum
564 3191 584 3238 L
610 3191 614 3254 Ι
638 3185 704 3241 illos
722 3193 761 3240 Pa
783 3190 786 3256 Ι
813 3188 849 3241 ad
868 3187 1099 3256 requiescendum

82 3279 132 3316 om.
153 3265 190 3312 Pb
209 3262 218 3330 Ι
242 3265 275 3313 16
295 3275 380 3327 equos
399 3275 450 3314 om.
468 3263 507 3310 Pa
524 3259 534 3328 ΙΙ
559 3263 591 3311 17
611 3258 712 3312 fluctus
730 3258 824 3329 frangi
842 3258 934 3313 solent
952 3264 988 3312 Pb
1010 3259 1014 3333 Ι
1035 3278 1098 3313 nnn·

83 3349 169 3384 naurs
184 3337 204 3382 L
217 3347 267 3386 om.
278 3335 329 3383 MP
342 3333 352 3400 ΙΙ
367 3334 400 3383 18
415 3329 621 3399 chorographia
634 3335 654 3382 P
668 3329 884 3400 choriographia
898 3336 918 3382 L
934 3331 938 3402 Ι
954 3331 1098 3385 Taenarus

83 3408 148 3456 Ll’a
164 3406 167 3470 Ι
183 3401 262 3456 locus
281 3419 331 3456 om.
350 3406 387 3454 Pb
404 3403 408 3471 Ι
424 3399 564 3455 Laconiae
579 3402 644 3456 labri
656 3402 666 3469 ΙΙ
681 3406 713 3455 19
729 3400 832 3456 dicitur
851 3418 911 3457 esse
930 3402 1024 3457 aditus
1040 3408 1076 3455 Pb
1090 3401 1100 3474 ΙΙ

86 3479 119 3527 20
142 3475 273 3527 tenareas
296 3473 370 3526 inter
390 3477 427 3525 Pb
454 3474 463 3542 ΙΙ
492 3477 524 3524 21
554 3472 584 3525 id
614 3473 657 3526 est
684 3489 735 3530 om.
758 3478 794 3527 Pb
821 3474 834 3547 ΙΙ
858 3479 895 3539 21
914 3473 1013 3530 undae
1033 3474 1113 3545 Lab

85 3547 200 3599 tenarus
218 3549 249 3594 11
1058 3568 1060 3575 ·

123 3637 195 3675 ωιτη
208 3637 279 3677 Paeo.
293 3649 337 3679 ree,
352 3641 474 3685 Jahnke.
950 3651 970 3701 b
