2416 3936
291 179 579 235 COMMENTARIVS
598 181 639 235 IN
656 181 797 237 LIBRVM
814 182 847 239 V.
1010 183 1074 248 287

133 331 198 388 446
227 347 322 389 asem
349 347 422 389 rvro
450 330 538 406 Iuno,
565 332 677 408 inquit,
704 332 807 392 iniecit
833 333 919 392 nobis
946 331 1077 391 mentem

62 417 234 495 benignam,
254 418 325 494 quia
337 419 522 496 Argonautis
539 420 663 480 fauebat
676 424 798 496 propter
815 422 952 481 Iasonem
967 455 1008 463 —
1025 423 1077 498 qui

64 526 132 565 eam
150 507 275 565 fluuium
292 508 495 583 transiecerat,
519 527 586 568 cum
605 528 634 568 se
653 510 707 568 illa
726 511 844 568 inanem
863 512 1018 570 simularet
1033 544 1075 552 —

63 599 101 654 ut
124 614 225 654 eorum
248 597 467 671 cupientissime
490 598 632 657 thalamis
655 599 852 676 iungeremur.
889 602 920 658 et
941 600 1007 659 ideo
1026 601 1075 660 hic

33 685 209 745 51unonem
227 685 308 743 uiros
325 685 437 744 nitidos
458 681 462 765 Ι
483 687 611 746 effecisse
630 687 782 746 subiunxit
799 690 835 746 ut
852 689 972 763 nuptiis.
1005 708 1076 747 nam
1086 701 1154 743 ans.
1164 708 1199 751 a:

66 774 223 848 adulterio,
247 774 279 832 ε’)
294 775 350 833 hoc
372 774 474 834 Venus
497 775 634 851 efficeret,
657 776 846 851 placuissent.

132 863 196 921 453
220 880 325 923 sanun
347 881 538 924 suessanum
558 882 677 924 omens
699 866 796 923 fatum
819 868 939 924 nostrae
961 867 1075 943 culpae,

66 952 145 1026 quod
176 952 258 1011 uiros
290 951 496 1012 occideremus.
545 954 655 1013 minuit
686 973 756 1032 ergo
785 955 894 1014 amon's
921 955 1075 1031 inuidiam,

66 1059 133 1098 cum
161 1040 234 1099 dicit
261 1041 374 1118 cnlpae.
419 1045 455 1101 ut
476 1042 622 1120 Virgilius
645 1038 739 1121 (Aen.
754 1042 797 1101 IV
813 1039 888 1123 19>:
916 1039 996 1103 ‘huic
1022 1045 1075 1103 uni

21 1151 50 1190 10
65 1130 167 1188 forsan
189 1130 275 1206 potui
299 1131 486 1190 succumbere
509 1127 633 1207 culpae’.

132 1219 195 1278 456
220 1237 361 1279 acaunus
383 1237 476 1280 maon
499 1220 689 1280 subaudimus
708 1216 804 1280 ‘erat'.
840 1221 930 1280 Iason
948 1221 1075 1280 blandus

64 1307 135 1364 dare
159 1307 259 1366 uincla
276 1308 443 1385 uirginibus
461 1310 556 1387 nouis,
574 1310 606 1368 id
625 1313 682 1369 est:
707 1310 758 1385 qui
777 1311 882 1370 solitus
901 1311 941 1369 sit
958 1312 1074 1369 mutare

64 1396 212 1474 coniugia.
259 1397 306 1456 cui
334 1415 396 1456 sese
419 1400 524 1473 postea
547 1399 662 1458 addixit
684 1399 801 1474 Medea,
828 1399 918 1458 tertio
943 1397 1074 1458 Glaucen

62 1485 114 1544 uel
135 1503 257 1544 uxorem
279 1485 385 1544 habuit
407 1487 456 1545 uel
479 1487 600 1546 dimisit

20 1593 47 1633 15
132 1575 196 1633 458
219 1592 333 1634 rursus
354 1575 475 1651 fluuius,
504 1596 592 1652 quem
613 1576 681 1636 ideo
704 1579 859 1635 cruentum
881 1578 966 1652 dicit,
994 1577 1075 1652 quod

61 1682 116 1738 per
144 1682 211 1721 eum
238 1663 343 1722 Medea
369 1667 487 1740 patrem
518 1665 635 1744 fugiens
666 1665 871 1741 insequentem
902 1666 1074 1741 interempti

62 1751 167 1810 fratris
203 1751 312 1810 dicitur
342 1753 475 1812 membra
506 1755 641 1815 iactasse.
697 1755 759 1813 siue
793 1754 901 1814 fluuius
934 1754 1073 1830 Scythiae

62 1841 169 1898 Phasis
183 1843 229 1899 est
242 1840 436 1901 barbarorum
450 1844 589 1903 caedibus
603 1846 742 1903 cruentus
757 1844 882 1902 assidue.
960 1861 1074 1903 concur

62 1929 171 1988 ciuitas
199 1931 297 2006 gentis
323 1931 462 2008 eiusdem,
485 1932 606 1992 Medeae
629 1933 736 2008 patria.
836 1949 927 1992 amos
948 1949 1074 2017 anonas

15 2039 45 2078 ao
64 2018 228 2094 quiapost
249 2018 437 2096 Hypsipylen
459 2021 595 2080 Medeam
618 2022 703 2080 duxit
725 2040 855 2080 uxorem.

130 2108 194 2166 462
217 2126 280 2167 nou
303 2125 449 2167 sesama
472 2128 607 2170 anvnms
629 2110 707 2169 unde
728 2110 807 2167 enim
826 2111 979 2185 sperarent
995 2109 1074 2167 filios

61 2192 172 2254 habere
194 2215 288 2274 posse,
313 2217 389 2273 quae
412 2199 493 2258 uiros
517 2218 617 2258 omnes
640 2196 830 2258 occiderant?

131 2287 194 2345 464
222 2304 338 2346 nniroa
365 2287 459 2363 pario.
504 2288 581 2346 unde
609 2290 640 2346 et
667 2280 794 2345 ‘enixae'
818 2286 969 2360 dicuntur,
997 2297 1090 2360 quae·

59 2376 214 2450 generant.

136 2622 149 2668 1
169 2616 268 2672 infecit
285 2622 305 2668 Ρ
337 2614 406 2670 fecit
423 2622 443 2668 L
460 2618 464 2685 Ι
479 2617 601 2670 mentem
620 2633 670 2672 om.
685 2621 721 2670 ΡΙ)
736 2618 775 2687 ΙΙΙ
794 2632 848 2685 que
871 2621 909 2667 Pe
925 2615 928 2684 Ι
945 2612 1012 2683 quia
1030 2619 1050 2665 1.

59 2694 77 2740 3
97 2687 284 2742 transfererat
302 2689 341 2756 ΡΙ
358 2686 388 2740 in
407 2703 492 2741 anum
510 2686 594 2741 illan
621 2686 673 2741 illa
691 2704 805 2742 manum
822 2694 842 2740 Ρ
859 2688 863 2757 Ι
880 2684 1050 2740 similaretL

58 2764 78 2812 4
106 2757 268 2830 iungeretur
290 2764 384 2812 ansb
407 2760 416 2828 ΙΙ
439 2763 455 2811 6
478 2757 578 2813 fecisse
601 2764 638 2811 ΡΙ)
664 2761 668 2830 Ι
693 2763 725 2813 ut
748 2757 855 2827 nuptiis
882 2757 1046 2837 placerent?
1066 2765 1069 2826 Ι

57 2836 100 2884 na
122 2835 150 2881 ΡΙ
184 2847 241 2885 non
264 2837 308 2884 Ι.Ρ
331 2832 340 2898 ΙΙ
363 2835 379 2882 6
406 2827 445 2882 sic
471 2834 508 2882 ΡΙ)
533 2832 537 2899 Ι
562 2829 735 2899 placuissent
761 2847 831 2884 corr.
859 2847 893 2884 ac
919 2827 1074 2898 placursset

58 2908 197 2971 trampus.
213 2909 276 2957 ante
290 2908 326 2954 na
335 2905 363 2952 M
376 2902 385 2969 ΙΙ
400 2905 414 2952 7
429 2900 547 2954 Factum
560 2905 597 2953 ΡΙ)
614 2905 618 2966 Ι
634 2900 813 2970 exuperabile
827 2907 847 2953 Ρ
874 2901 925 2956 del.
940 2915 1072 2968 superscr.

60 2972 224 3027 excusabile
246 2979 273 3025 ΙΙ
298 2975 302 3042 Ι
326 2972 418 3025 fatum
437 3015 443 3024 .
460 3014 487 3027 ..
507 2971 621 3042 culpae³
638 2989 688 3028 om.
712 2977 748 3024 ΡΙ)
772 2974 780 3041 ΙΙ
804 2976 819 3024 9
838 2973 871 3024 ut
889 3015 895 3027 .
911 3013 917 3025 .
934 3015 939 3025 .
959 2968 1074 3039 culpae³

59 3060 112 3098 om.
131 3049 170 3096 Pe
183 3045 192 3113 ΙΙ
207 3050 239 3097 11
258 3061 338 3096 maor
356 3060 406 3098 om.
421 3047 457 3095 ΡΙ)
475 3045 479 3112 Ι
496 3043 606 3097 subaud
623 3049 651 3095 ΡΙ
667 3046 670 3113 Ι
687 3046 748 3098 erat
765 3061 815 3097 om.
830 3049 868 3094 Pa
881 3044 891 3112 ΙΙ
905 3047 938 3095 12
958 3039 1073 3094 uincula

58 3121 81 3167 Ρ
99 3114 106 3196 Ι
128 3106 242 3169 solihim
260 3121 297 3168 ΡΙ)
319 3115 322 3186 Ι
343 3113 382 3168 sit
398 3130 448 3169 om.
468 3120 506 3167 Pa
528 3117 538 3184 ΙΙ
561 3119 593 3168 16
617 3115 737 3184 coniuga
755 3120 793 3167 Pa
829 3112 990 3183 coniugium
1008 3116 1045 3163 ΡΙ)
1066 3110 1070 3183 Ι

59 3203 107 3240 cur
122 3203 171 3240 om.
186 3192 223 3239 Pb
250 3190 311 3240 tum
325 3192 394 3238 HPs
409 3187 414 3250 Ι
429 3187 461 3238 t1‘1
481 3201 542 3240 sese
559 3186 610 3241 del.
625 3192 652 3238 ΙΙ
667 3187 672 3257 Ι
689 3184 799 3239 addixit
816 3202 866 3239 om.
885 3190 936 3236 ΙΙΡ
952 3186 956 3253 Ι
972 3182 1072 3263 medea

59 3262 131 3309 ns
152 3259 156 3326 Ι
176 3257 278 3312 Medea
298 3301 303 3312 .
320 3301 325 3312 .
342 3301 347 3311 .
366 3274 417 3326 per
435 3273 499 3310 eum
517 3273 566 3312 om.
586 3262 623 3309 ΡΙ)
647 3258 651 3327 Ι
673 3257 795 3328 copitaus'
812 3257 845 3310 de
864 3256 1005 3310 scribendo
1024 3269 1073 3321 qus

58 3330 161 3397 postea
179 3328 317 3398 Medeam,
336 3327 421 3382 tertio
437 3371 443 3383 .
459 3371 487 3384 ..
509 3330 518 3398 ΙΙ
537 3333 570 3382 16
589 3327 620 3381 fu
643 3328 706 3393 'ens
719 3328 829 3396 patrem
847 3332 866 3379 1.
883 3329 887 3395 Ι
902 3325 1073 3392 interempta

59 3404 98 3452 Pa
121 3401 130 3469 ΙΙ
154 3405 187 3454 17
207 3399 311 3454 dicitur
332 3399 428 3453 fratris
446 3401 489 3469 Ι.ΙΙ
504 3405 536 3453 18
555 3399 621 3469 pedi
641 3417 674 3452 us
692 3404 744 3451 MP
757 3400 766 3468 ΙΙ
781 3403 814 3451 19
833 3396 959 3452 eiusdem
979 3394 1072 3466 gentis

58 3476 80 3522 Ι.
97 3474 101 3538 Ι
117 3470 240 3540 patriam
258 3476 294 3523 ΡΙ)
313 3474 323 3541 ΙΙ
341 3476 375 3523 20
393 3470 493 3526 medea
511 3476 539 3523 ΙΙ
556 3472 565 3540 ΙΙ
584 3476 616 3524 21
641 3475 769 3542 speraret
784 3471 899 3540 Palm
916 3467 1089 3523 occiderant

57 3559 126 3596 corr.
146 3560 182 3596 ea
197 3541 356 3595 occiderent
372 3544 425 3613 ΙΙΙΙ
439 3549 472 3598 23
491 3545 522 3599 et
540 3560 592 3601 om.
612 3546 658 3617 Lu
671 3549 709 3600 24
728 3545 854 3618 generat
867 3546 912 3595 rb
