2416 3936
285 181 573 238 COMMENTARIVS
592 184 632 236 IN
650 184 789 237 LIBRVM
807 184 840 237 X.
1005 185 1068 247 431

53 335 139 393 furor
162 334 382 410 persuadentis,
405 337 441 392 ut
462 334 647 391 inuadantur
669 335 784 411 Argiui.
822 335 945 393 Adrasti
969 338 1070 412 gratu·

54 424 130 481 latio
169 426 200 480 et
238 423 354 497 eruptio
392 423 620 481 Thiodamantis
657 426 687 480 et
722 424 855 482 uastatio
889 425 1071 502 Argiuorum

54 511 251 570 morientibus
270 511 427 569 Thebanis.
461 512 621 587 Dymantis
640 514 670 569 et
688 512 797 587 Hoplei
816 513 958 571 comitum
977 515 1071 589 Tydei

55 604 86 659 et
119 601 339 675 Parthenopaei
376 601 572 659 allocutiones
607 601 643 658 de
680 601 841 658 liberandis
878 603 1071 661 cadaueribus

29 691 173 748 educum.
201 689 334 765 ipsorum
362 690 542 747 cadauerum
569 691 742 764 reportatio.
781 695 976 765 superuentus
1000 693 1071 749 Am-

55 779 190 854 phioniS,
214 778 297 836 ducis
321 778 467 853 Thebani,
491 781 521 835 et
544 781 641 836 tumet
662 797 749 837 mors.
789 780 862 856 fuga
885 780 1071 855 Amphionis

56 868 140 926 ducis
159 867 301 942 Thebani,
325 868 446 944 cognita
469 886 589 925 suorum
612 887 690 925 nece.
723 870 869 927 nocturna
888 867 1018 944 Capanei
1043 872 1073 927 et

55 958 137 1015 ultra
169 957 332 1014 humanum
363 957 486 1015 modum
519 956 680 1014 dimicatio
722 957 899 1015 uaticinatio
932 958 1071 1033 Tiresiae,

57 1045 138 1120 quod
161 1045 279 1103 Thebae
301 1065 363 1104 non
386 1047 508 1121 possent
530 1045 619 1103 aliter
641 1045 773 1120 uincere,
801 1046 859 1104 nisi
882 1065 958 1104 unus
982 1065 1012 1104 se
1036 1047 1071 1104 de

18 1150 44 1186 10
58 1135 218 1193 draconteo
247 1135 357 1192 semine
389 1135 556 1192 deuoueret.
599 1134 718 1192 deuotio
746 1135 908 1210 Menoecei‚
938 1134 1072 1194 Creontis

57 1224 121 1298 filii,
147 1224 200 1298 qui
224 1224 419 1298 persuadente
438 1222 559 1280 Virtute
582 1223 614 1280 in
636 1222 757 1281 Mantus
779 1225 907 1281 formam
931 1243 1072 1282 conuersa

58 1332 88 1370 se
109 1313 145 1369 de
164 1331 250 1370 muro
271 1314 464 1370 uulneratum
487 1330 540 1386 pro
560 1311 660 1386 patria
681 1312 876 1387 praecipitem
899 1313 989 1388 dedit,
1008 1332 1075 1372 curn

58 1420 119 1459 non
146 1403 248 1476 posset
280 1421 347 1459 eum
370 1403 456 1476 pater
478 1401 529 1476 pia
553 1401 733 1459 allocutione
757 1419 774 1458 a
797 1402 952 1459 uoluntate
982 1402 1074 1460 dimo·

59 1510 139 1547 uere.
177 1488 308 1564 Capanei
331 1508 468 1548 aseensus
486 1490 517 1546 in
537 1489 710 1548 Thebanum
732 1510 850 1547 murum
874 1493 904 1547 et
926 1491 988 1549 eius
1006 1493 1076 1565 post

20 1595 46 1634 15
61 1579 247 1636 diuersorum
279 1579 433 1637 numinum
461 1578 682 1654 indignantium
710 1579 845 1652 querelas
877 1599 930 1654 per
960 1580 1074 1637 fulmen

57 1668 206 1726 interitus

97 1749 99 1752 ’
129 1759 145 1814 1
172 1775 284 1815 osavrr
308 1773 461 1814 mesenam
483 1755 629 1831 Hesperia
652 1756 837 1815 occidentali.
1069 1786 1206 1834 nauseae

129 1848 147 1903 2
171 1863 356 1904 puerascere
378 1845 528 1902 festinata.

133 1936 151 1992 3
176 1951 347 1993 msennrvs
379 1951 455 1992 orns
482 1934 539 1992 hoo
566 1933 722 1992 miseratus
750 1937 795 1992 est
822 1935 957 2010 Iuppiter
988 1935 1073 1994 triste

24 2039 50 2078 ao
65 2041 126 2081 esse
151 2023 247 2097 perire
269 2023 347 2098 illos
371 2023 422 2098 qui
442 2042 496 2081 nec
515 2022 648 2080 Thebani
671 2024 790 2081 fuerant
812 2044 866 2083 nec
883 2024 999 2101 Argiui,
1023 2025 1074 2083 sed

62 2112 196 2187 utrisque
220 2111 354 2186 partibus
378 2112 489 2170 auxilio
512 2114 663 2169 uenerant.

131 2202 149 2258 5
183 2218 340 2260 reumrva
368 2200 504 2259 abscessu
530 2200 661 2258 militum
683 2201 851 2275 patefactus
876 2203 920 2258 est
943 2220 1073 2277 campus,

62 2308 189 2364 quorum
226 2292 315 2347 antea
352 2290 413 2347 acie
450 2289 614 2366 tegebatur.
729 2306 884 2348 naroanrs
922 2306 1073 2349 seuevmn

60 2378 200 2437 horridus
223 2378 285 2436 siue
309 2379 454 2436 confusus.

21 2481 47 2521 25
132 2471 149 2527 7
179 2485 261 2526 onan
274 2484 366 2525 noers
389 2467 542 2541 sepultura
561 2466 700 2524 carentia.

104 2610 108 2619 .
131 2559 150 2616 8
179 2573 310 2614 naeuius
334 2556 438 2614 scissis.

60 2686 276 2696 -----

137 2766 150 2812 1
175 2761 346 2830 persuadens
369 2765 405 2811 Pb
432 2764 435 2830 1
460 2759 613 2814 Thebani?
635 2761 644 2828 11
672 2765 687 2811 2
710 2759 835 2813 uastatio
855 2759 1073 2828 ...Dymantis

63 2834 92 2885 et
111 2848 161 2885 one.
181 2837 217 2884 Pb
236 2835 281 2901 114
300 2830 433 2885 allocutio
452 2836 489 2883 rb
506 2834 510 2899 1
526 2831 556 2884 in
575 2830 764 2884 deliberandis
782 2833 825 2901 111
843 2836 858 2884 5
878 2829 1002 2900 ipsorum
1022 2873 1028 2885 .
1045 2873 1072 2886 ..

63 2902 188 2972 Capanei
207 2920 257 2958 om.
277 2909 314 2955 Pe
330 2903 333 2973 1
351 2903 509 2972 deportatio
528 2908 564 2955 Pb
579 2905 588 2969 11
607 2910 623 2956 6
642 2903 670 2955 et
693 2945 721 2956 ..
740 2919 814 2955 mors
833 2919 882 2956 oen.
902 2908 948 2954 Μ’
963 2905 967 2971 1
985 2903 1075 2956 tumet

60 2979 90 3027 Ἡ
113 2975 191 3028 Mon.
213 2974 285 3028 aaa.
313 2973 461 3042 Dymantis
480 2977 509 3028 et
526 2972 628 3042 Hoplei
646 2974 737 3028 Klotz.
760 2972 763 3044 1
784 2973 884 3043 Amph.
905 2973 966 3027 duc.
987 2973 1072 3027 Theb.

61 3063 113 3100 ora.
129 3049 166 3096 rb
187 3047 196 3114 11
219 3045 369 3099 Bmodum
387 3062 436 3099 om.
456 3047 546 3114 Ρ1119
565 3044 633 3113 quia
650 3050 718 3097 ffl’b
739 3044 743 3114 1
763 3043 891 3097 Thebani
909 3050 929 3096 1.
950 3047 953 3113 1
975 3061 1004 3098 ee
1023 3062 1073 3099 om.

62 3117 124 3186 run
140 3122 171 3168 11
191 3117 322 3169 manthos
341 3121 379 3168 Pe
396 3116 481 3170 matis
500 3120 536 3167 Pb
564 3115 668 3170 manib.
687 3117 734 3184 111
751 3131 900 3168 conuersus
918 3121 938 3167 Ι.
958 3120 1074 3169 couersu

61 3193 100 3240 rb
127 3203 291 3241 conuersam
309 3189 416 3255 1111112
435 3186 575 3255 poipiente
594 3192 621 3238 Μ
639 3189 648 3256 11
672 3192 705 3240 13
723 3203 779 3240 non
798 3192 895 3241 omre
911 3189 915 3252 1
934 3185 1075 3256 potuisset

62 3264 83 3311 Ι.
99 3261 103 3326 1
125 3257 267 3312 dimouere
285 3275 353 3313 corr.
367 3260 399 3312 ia
414 3258 560 3311 demouere
573 3263 600 3309 Μ
614 3261 623 3327 11
638 3263 671 3310 14
690 3257 840 3311 adscensus
854 3263 892 3310 Pe
905 3263 914 3324 11
929 3264 962 3310 17
978 3276 1075 3311 oanvrn

62 3335 177 3384 omffl’
197 3332 201 3398 1
221 3329 357 3399 Hesperia
376 3345 425 3382 om.
444 3333 496 3380 MP
518 3332 527 3398 11
552 3334 584 3381 19
603 3328 754 3381 Miseratur
771 3334 809 3381 Pe
835 3328 933 3383 Mirate
947 3335 974 3381 Η
996 3329 1000 3402 1
1020 3329 1075 3383 hoo

62 3406 153 3455 emh
179 3403 183 3469 1
209 3403 252 3454 est
273 3404 379 3456 om.1³b
407 3402 416 3468 11
444 3405 475 3452 21
500 3400 645 3468 utriusque
664 3404 726 3452 Hs
753 3401 762 3468 11
789 3405 823 3452 23
844 3399 905 3455 acie
924 3403 1009 3454 antea
1027 3399 1074 3473 11

63 3474 131 3526 ante
150 3489 200 3527 om.
218 3479 281 3526 aute
300 3471 468 3542 acie-poscit
485 3476 512 3522 Η
532 3472 537 3541 1
557 3470 676 3525 deformi
694 3476 713 3521 P
731 3473 740 3539 11
759 3476 792 3524 24
811 3470 871 3525 siue
889 3489 940 3528 em.
959 3473 1023 3528 aad.
1041 3473 1075 3527 ia

61 3560 149 3615 mary.
168 3548 196 3595 11
