2416 3936
293 183 582 240 COMMENTARIVS
600 183 640 238 IN
657 183 798 240 LIBRVM
815 183 862 240 IV.
1023 183 1087 248 207

76 356 109 396 se
136 337 245 412 probat
268 335 446 411 cytheream
473 353 549 410 esse,
578 335 648 410 quia
676 338 759 393 emet
786 353 856 394 nuos
883 335 993 394 Veneri
1022 354 1090 394 con·

78 428 221 485 secretas.'
255 444 330 500 quae
350 427 451 482 nutem
469 442 559 482 cause
577 424 618 483 sit
634 424 713 499 ficta,
735 426 859 500 propter
881 443 972 500 quem
989 424 1090 482 Venus

77 515 216 575 columbe
239 514 394 573 delectata·
415 513 467 588 sit,
495 512 566 571 tulis
590 515 647 571 est:
680 514 759 588 quod
781 513 882 572 Venus
912 516 943 572 et
965 511 1089 589 Cupido,

77 624 146 663 cnm
174 603 304 678 quodum
331 604 464 677 tempore
492 602 659 677 uoluptatis
686 602 786 679 mutis
813 603 845 660 in
873 603 1018 679 quosdum
1045 602 1089 660 ni-

50 696 176 754 stentes
205 691 424 751 descendissent
450 709 584 769 compos
616 691 730 750 lasciue
761 692 949 750 contentione
977 693 1090 750 certare

77 784 248 858 coeperunt,
263 781 314 856 qui
327 781 396 856 plus
410 779 466 838 sihi
480 782 665 857 gemmantes
679 780 834 857 colligeret
845 781 940 840 flores.
965 800 1091 857 quorum

79 871 194 947 Cupido
222 871 342 929 adiutus
364 867 533 928 mobilitate
560 889 738 945 pennarum,
765 872 925 945 postquam
951 872 1091 928 naturum

79 960 211 1036 corporis
238 959 345 1017 uolatu
372 958 540 1033 superauit,
568 958 665 1017 uictus
693 961 739 1017 est
765 977 896 1017 numero.
942 959 1091 1017 Peristeru

79 1050 159 1108 enim
188 1048 321 1124 nympha
347 1047 447 1105 subito
478 1048 606 1106 occurrit
628 1050 659 1106 et
682 1047 852 1105 adiunundo
875 1046 1021 1105 Venerem
1044 1065 1091 1105 su-

36 1157 66 1196 1o
80 1138 228 1214 perierem
251 1136 348 1195 effecit
375 1154 442 1194 cum
469 1154 566 1210 poena
593 1154 655 1194 sue.
701 1135 815 1211 Cupido
841 1135 987 1210 siquidem
1015 1137 1091 1193 indi-

79 1228 189 1305 gnatus
207 1225 338 1283 mutauit
355 1224 486 1300 puellam
505 1224 537 1282 in
556 1243 651 1300 auem,
670 1243 745 1300 quae
765 1244 784 1283 a
802 1223 923 1284 Graccis
941 1223 1093 1304 περιστερά
1199 1251 1203 1257 ·

79 1315 257 1393 appellatur.
304 1314 355 1372 sed
386 1331 514 1388 poenum
545 1313 640 1372 honor
671 1313 787 1373 minuit
833 1313 935 1372 Venus
964 1332 1092 1389 numque

79 1404 270 1464 consolatura
288 1402 405 1478 puellae
424 1404 455 1461 et
472 1402 639 1461 innocentis
656 1403 959 1481 transfigurationem,
982 1403 1092 1461 colum-

78 1495 149 1552 bam
172 1493 204 1551 in
227 1492 324 1551 tutela
346 1509 400 1549 sna
423 1509 485 1550 esse
508 1491 672 1551 mandauit

37 1598 66 1639 15
149 1585 212 1643 227
249 1597 392 1640 nvnousn
425 1580 556 1641 Eurotae
588 1600 640 1640 our
671 1581 797 1656 dixerit,
835 1581 899 1657 ipse
917 1580 1091 1639 -enurrauit
1144 1609 1147 1616 =

79 1672 165 1729 iuxta
187 1672 264 1729 hunc
286 1669 412 1728 fluuium
434 1668 566 1729 anoncs
592 1670 764 1745 uapulcndo
793 1670 983 1729 contendunt
1029 1669 1092 1746 glo·

80 1761 188 1819 riosior
215 1762 315 1818 temen
342 1758 395 1816 ille
424 1761 482 1833 est,
510 1759 562 1833 qni
589 1759 668 1818 ultre
682 1759 913 1836 ¹praescriptum
938 1777 1094 1816 numerum

81 1850 238 1927 plagarum
257 1848 373 1906 animae
392 1866 454 1906 non
471 1847 613 1926 pepercit,
637 1849 724 1923 quod,
748 1867 815 1907 cum
834 1847 990 1907 deuouerit
1008 1846 1093 1922 spiri·

81 1941 155 2014 tum,
177 1937 294 2013 publice
317 1938 472 1996 funeratus
495 1935 593 2010 capite
616 1940 782 1996 coronatur.
819 1939 906 1996 tento
929 1937 1008 1995 enim
1029 1955 1094 1995 cru-

40 2043 68 2084 so
84 2027 191 2085 delites
209 2027 241 2083 in
258 2027 315 2084 hac
334 2028 421 2103 gente
441 2027 494 2102 est,
514 2027 550 2084 ut
567 2027 665 2084 muter
681 2026 820 2085 lacrimas
839 2045 908 2086 suas
926 2026 1095 2085 consoletur

38 2135 40 2139 ¹
83 2116 185 2173 funere
208 2117 358 2175 coronato.
389 2115 477 2173 deum
499 2115 576 2174 dixit
597 2115 654 2174 hoc
676 2114 790 2173 hortari
812 2115 999 2189 Mercurium,
1024 2114 1095 2189 quio

155 2414 170 2461 1
191 2406 310 2460 citerum
327 2413 364 2460 Pb
402 2408 511 2462 etthonis
529 2413 567 2461 Pe.
589 2409 599 2477 1
622 2413 638 2460 2
657 2424 714 2475 que
731 2412 769 2460 Pb
795 2409 800 2475 1
819 2413 885 2476 post
907 2405 945 2459 sit
962 2423 1094 2475 superem.

82 2479 140 2533 fuit
156 2484 184 2531 Ι
199 2481 204 2548 1
219 2478 298 2533 facta
315 2484 353 2531 Pe
384 2479 480 2532 fictum
493 2484 530 2531 Pb
563 2496 613 2534 om.
631 2484 652 2531 1.
669 2482 672 2549 1
688 2481 802 2548 propter
819 2495 869 2533 om.
889 2483 934 2530 Μ’
967 2479 1030 2533 add.
1044 2482 1093 2550 11

84 2551 181 2675 llll
197 2549 658 2691 tttttltfltmltdt
676 2549 1095 2692 ttffilmltt‘ltltl·

83 2639 160 2761 qlilsd
177 2698 215 2745 Pe
250 2709 301 2762 pro
312 2661 356 2744 'rb
394 2664 477 2762 qn'n
502 2621 636 2763 flqgratla]
653 2639 796 2747 deusul’b
817 2665 965 2818 [snitentes
983 2710 1033 2748 om.
1053 2623 1096 2764 Ldl

83 2769 100 2817 5
120 2762 325 2846 contemptione
348 2768 386 2845 Pe
412 2765 421 2832 11
449 2769 465 2817 6
484 2762 659 2845 geminantes
681 2769 718 2816 Pb
743 2768 748 2831 1
773 2763 817 2818 col
832 2764 891 2834 'gei
915 2765 979 2819 add.
1003 2766 1095 2845 enti!

82 2833 286 2961 stunt
308 2833 519 2960 closis
532 2833 779 2974 sternis
793 2834 1096 2975 sumlui

82 2982 120 3029 Pb
143 2979 153 3047 11
176 2982 192 3030 8
215 2949 308 3030 uictus
334 2977 384 3032 del.
407 2993 540 3045 superior.
564 2924 640 3031 euldt'
664 2923 738 3032 mdc.
760 2981 780 3033 2
802 2982 829 3029 Ι
855 2979 865 3048 11
893 2982 927 3031 10
950 2906 1100 3031 efdoitqru'

82 3047 185 3103 effectu
204 3065 273 3103 corr.
291 3050 323 3102 in
345 3046 440 3102 effecit
456 3053 484 3099 Ι
503 3050 507 3117 1
528 3063 592 3101 cum
609 3065 659 3102 om.
678 3053 706 3099 Ι
726 3051 729 3117 1
750 3064 803 3102 sua
820 3054 926 3104 cm.·1³b
946 3049 951 3121 1
973 3047 1096 3118 indigni-¹

83 3121 146 3174 tate
168 3124 205 3172 Pb
242 3118 392 3188 indignata
414 3136 483 3174 corr.
506 3120 538 3172 in
559 3118 724 3190 indignatus
747 3124 774 3171 Ι
796 3122 806 3190 11
829 3126 862 3174 13
881 3118 1042 3175 consolatur
1058 3124 1096 3172 Pe.

85 3191 262 3246 consolatum
279 3195 316 3242 Pb
330 3192 341 3258 1
361 3188 474 3258 puellae
492 3204 543 3244 om.
562 3195 613 3242 ΠΡ
633 3192 638 3260 1
658 3192 687 3244 et
704 3207 754 3246 mn.
772 3196 793 3243 1.
816 3194 820 3261 1
842 3191 1096 3260 transfugationem

85 3265 195 3332 anll
214 3277 275 3316 esse
293 3279 344 3316 om.
363 3262 471 3330 Ρ1>1115
491 3276 555 3314 cum
571 3266 608 3314 Pb
625 3261 630 3333 1
646 3261 695 3316 dii
712 3278 781 3317 corr.
800 3264 832 3317 in
851 3262 953 3317 dixerit
970 3265 1096 3331 Ituci-

83 3333 161 3417 rsnit
178 3338 223 3385 111³
237 3335 247 3402 11
261 3338 294 3416 ii
313 3331 358 3386 illi
375 3337 403 3383 Ι
419 3334 423 3399 1
439 3330 527 3412 ultra]
546 3331 626 3386 iuxta
643 3339 663 3386 1.
677 3335 687 3403 11
701 3339 734 3416 li}
752 3333 879 3403 pepercit
898 3351 967 3389 corr.
985 3350 1059 3387 cruc.
1077 3335 1097 3387 2

56 3518 58 3522 ,
84 3421 170 3530 til
190 3403 866 3546 811111111ἒέ111111111111
878 3404 1097 3533 {illusus}

86 3563 136 3602 om.
156 3551 194 3600 Pe
207 3549 216 3617 11
230 3551 263 3600 21
284 3545 409 3601 coronati
427 3547 537 3618 Llhoo
557 3564 607 3604 om.
626 3546 787 3617 Pblquil.
819 3564 876 3616 qua
893 3553 920 3599 Π
952 3563 1005 3616 qne
1023 3552 1062 3599 Pe
