2416 3936
132 191 200 256 440
363 187 652 245 COMMENTARIVS
669 187 708 242 IN
727 187 867 243 LIBRVM
885 188 919 244 X.

201 343 263 402 338
296 358 424 400 uonnvn
455 357 594 400 4444444
630 338 702 415 qnia
733 339 865 398 nondum
904 357 934 398 se
968 339 1150 398 sacerdotali

133 430 344 508 purificanerat
365 429 434 487 ritu.
509 467 512 472 .

201 520 266 578 340
298 536 326 578 44
347 536 410 577 444
432 534 568 577 4444444
596 516 621 574 si
643 515 775 575 monitus
802 518 871 576 tuos
893 536 953 576 non
977 516 1151 576 indecenter

135 608 216 667 effeci
244 608 306 666 siue
334 625 394 665 non
416 604 617 664 dehonestaui.
708 622 842 671 nvnrcva
865 624 1057 664 4444444414
1084 626 1148 682 per·

134 697 206 756 tulit
227 699 412 774 arguentem,
436 695 507 770 quia
528 696 614 752 uates
636 697 789 770 receptum
811 695 957 770 imprimit
980 715 1102 756 numen.
1168 706 1178 746 ⁵

202 787 265 846 342
290 801 409 844 carnus
432 801 534 843 nouos
557 784 696 842 cruentus
720 782 845 842 anobis
868 783 1036 859 praebetur.

202 875 265 933 343
293 891 334 930 An
356 890 487 931 4441444
512 890 540 931 44
563 889 689 937 evauno
712 889 818 931 nonos
842 873 868 931 si
894 890 948 931 nos
976 873 1085 932 feceris
1112 872 1147 932 ad

134 963 264 1040 patriam
286 980 425 1021 remeare.

178 1073 180 1076 ⁴
203 1051 266 1111 345
294 1069 389 1110 amca
412 1067 532 1110 navuos
555 1051 602 1109 444
625 1051 728 1109 tauros
750 1048 927 1126 immolabo,
951 1052 1027 1126 quot
1048 1051 1146 1110 hostes

136 1141 237 1201 occidi.
1157 1150 1178 1190 4

19 1242 125 1290 ancer
203 1231 267 1288 347
290 1245 371 1286 nino
389 1228 533 1305 urguente
552 1226 626 1302 fato,
645 1227 717 1302 qnia
729 1227 856 1303 perituri
870 1230 947 1286 sunt.
1006 1245 1144 1288 nonnsvs

134 1318 183 1378 hic
201 1317 302 1393 Tydeo
325 1316 385 1374 fuit
407 1318 438 1374 et
458 1315 570 1374 militia
593 1319 623 1374 et
646 1334 745 1375 amore
769 1316 933 1376 deuinctus.

203 1407 267 1465 354
299 1421 418 1464 asenna
440 1422 546 1463 44444
576 1405 684 1464 fortius
715 1405 904 1484 interrogans
933 1423 1001 1481 uos,
1028 1405 1083 1464 ubi
1109 1406 1146 1464 sit

135 1495 224 1554 funus
246 1493 310 1552 filii.

204 1585 265 1644 356
292 1599 401 1642 sanum
423 1599 513 1641 mors
536 1600 653 1642 nvnvm
676 1583 748 1658 quia
770 1582 822 1641 diu
843 1583 962 1658 uixerit,
984 1583 1176 1642 Partheno-1⁵

136 1691 227 1748 paens
251 1674 351 1730 autem
373 1671 535 1730 immatura
557 1673 652 1729 morte
676 1673 868 1746 consumptus
892 1674 944 1730 est.
1021 1690 1145 1731 444144·

137 1780 210 1821 moa
232 1778 331 1820 Annus
362 1760 492 1838 figurata
523 1760 649 1819 locutio:
677 1761 814 1836 quamuis
840 1760 1037 1836 patientiores
1067 1764 1145 1820 artus

135 1850 245 1908 habeat
260 1881 301 1890 -—
315 1849 347 1906 id
366 1852 423 1908 est:
447 1848 540 1924 Tydei
559 1849 692 1907 membra
710 1849 784 1907 dura
803 1853 873 1908 sunt
891 1852 922 1908 et
944 1868 1005 1908 non
1023 1850 1086 1910 cito
1104 1853 1145 1908 ta-

136 1938 260 1997 bescunt
287 1970 329 1978 -
357 1956 411 1996 nec
437 1941 472 1996 ut
499 1937 671 1996 adulescens
700 1938 945 2014 Parthenopaeus
974 1938 1081 1998 multis
1110 1939 1145 1998 sit

135 2026 267 2086 lacrimis
290 2026 404 2103 dignus.
1154 2034 1173 2076 a

205 2116 266 2174 361
291 2115 647 2190 444444441444441444.

205 2206 266 2264 362
295 2223 373 2262 mam
399 2222 505 2264 Annon
531 2222 645 2264 manno
673 2204 776 2263 eadem
804 2223 858 2282 ego
887 2223 1005 2281 quoque
1037 2205 1143 2282 cupidi·

136 2295 199 2353 tate
223 2293 390 2353 succendor.

205 2384 267 2441 363
291 2399 371 2440 nnus
394 2399 521 2442 uvrssms
544 2382 718 2440 debilitatus
741 2382 866 2441 animus,

205 2472 267 2530 365
291 2488 435 2529 aroanna
459 2473 587 2529 secretae
610 2471 705 2530 noctis
729 2471 857 2530 domina.
1151 2477 1170 2518 2⁵

205 2563 267 2619 367
291 2577 364 2618 Anio
383 2576 584 2618 4444444444
599 2577 700 2619 vvnnv
715 2560 786 2636 quia
804 2559 913 2619 dicitur
926 2559 1013 2618 Luna
1031 2561 1143 2619 mutata

138 2649 175 2707 ad
199 2649 290 2706 siluas
312 2648 409 2726 figura
436 2648 619 2707 descendere.
659 2667 729 2707 nam
752 2650 876 2707 eandem
904 2648 997 2706 etiam
1019 2649 1143 2708 Dianam

138 2737 246 2795 dicunt.
288 2740 323 2795 44
345 2736 490 2814 Virgilius
512 2731 607 2814 (Aen.
626 2736 669 2795 IX
688 2733 787 2817 405>2
812 2732 972 2796 ‘astrorum
1001 2738 1091 2798 decus
1119 2739 1144 2796 44

136 2844 290 2884 nemorum
312 2825 440 2884 Latonia
463 2820 582 2885 custos’.
613 2877 615 2881 .

209 3036 615 3118 14444441444144424
639 3050 643 3117 1
664 3047 713 3116 qui
730 3055 768 3102 Pa
786 3066 836 3104 om.
855 3054 917 3102 Hb
944 3051 954 3118 11
982 3055 1000 3102 4
1022 3065 1082 3103 non
1098 3066 1144 3104 om.

136 3124 314 3190 superserit
338 3119 342 3187 1
367 3118 471 3188 pertuli
493 3121 640 3187 urgentem
657 3124 719 3172 Hb
740 3122 750 3189 11
777 3120 970 3173 suetiam
998 3120 1068 3174 uitis
1086 3117 1143 3190 Pal

136 3192 318 3261 praeceptum
336 3195 356 3242 1.
372 3193 376 3259 1
393 3188 517 3259 impetiit
534 3195 554 3242 L
572 3189 691 3260 impenit
708 3197 747 3243 Pa
765 3189 886 3261 imponit
903 3195 940 3243 Pb
954 3192 994 3260 117
1014 3192 1060 3245 Ad
1079 3195 1145 3244 nb

136 3263 162 3315 A
180 3268 217 3314 Pa
244 3264 253 3330 11
280 3267 296 3314 9
320 3279 422 3314 414444
440 3266 530 3316 om?
556 3263 566 3329 11
594 3266 626 3314 11
650 3280 772 3315 vacam
790 3267 852 3314 Hb
877 3263 881 3331 1
904 3262 966 3316 fato
990 3279 1042 3317 cm.
1062 3259 1147 3333 421111

139 3339 171 3385 12
192 3331 319 3386 deuictus
338 3333 435 3401 111113
454 3330 535 3385 fortis
553 3336 624 3384 1124
637 3334 647 3401 11
662 3338 695 3386 15
714 3333 825 3387 uixerat
838 3334 916 3388 Mon.
930 3336 940 3402 11
955 3338 989 3386 16
1009 3333 1148 3388 inmatura

137 3405 355 3472 44414444.
374 3404 438 3471 2411
463 3407 495 3456 18
516 3401 1147 3474 4144444.211194444411214441444444

137 3477 208 3542 4111
229 3472 406 3544 4441444112
428 3474 437 3541 11
461 3472 697 3541 aequiuocum
718 3478 728 3544 11
756 3481 789 3529 27
812 3475 903 3545 figura
923 3474 959 3528 ad
979 3475 1070 3530 siluas
1087 3472 1147 3546 251

138 3545 259 3598 eandem⁴
274 3562 324 3600 om.
343 3545 451 3613 241128
470 3545 514 3616 ut]
532 3543 606 3598 unde
624 3550 644 3597 1.
