2416 3936
289 183 579 239 COMMENTARIVS
598 184 638 238 IN
656 184 797 239 LIBRVM
815 185 835 240 I.
1030 185 1071 248 27

56 336 191 394 fulmina.
229 354 300 412 ergo
324 336 380 394 hoc
403 336 526 393 taedet
549 337 580 393 et
603 336 682 411 quod
704 336 810 395 intulit
832 337 969 396 desunt.

57 442 229 483 ramscvru
253 427 354 482 autem
377 425 490 483 lassata
514 428 591 482 sunt.
629 483 631 490 Ι

120 516 186 574 218
215 532 256 570 nr
279 530 402 572 iacens
430 531 550 573 onsvnr
573 531 737 574 mcvomvs
761 532 852 574 renus
881 516 919 572 ad
946 516 1073 573 fulmina

57 602 232 662 fabricanda
254 602 355 679 ignem
378 621 438 661 non
460 621 546 678 posse
571 602 712 661 sufficere.

38 710 48 749 s
121 693 186 750 219
215 708 320 756 arovn
347 708 431 751 Anno
460 709 606 751 amusan
633 711 659 749 r.
684 710 710 749 a.
736 709 759 751 s.
789 710 812 751 s.
837 713 864 751 n.
898 694 981 752 deest
1011 713 1073 770 pa·
1162 717 1166 723 ·

57 781 204 839 tienter:
228 783 263 838 ut
280 780 424 838 mundum
444 780 600 839 Phaethon
618 781 755 840 incendio
774 786 983 841 concremaret.

56 886 193 928 sonvros
217 886 304 928 sous
328 887 429 936 novos
453 888 513 928 non
538 870 599 928 siue
624 870 724 946 frenis,
748 872 807 946 sed,
831 872 902 947 quia
924 873 990 950 regi
1012 892 1073 932 non

55 960 204 1034 poterant,
228 958 352 1016 licenter
374 960 515 1016 errantes.

122 1050 189 1106 220
207 1064 299 1105 noris
317 1065 509 1106 sanaremus
529 1048 615 1122 quasi
633 1067 652 1106 a
670 1048 807 1125 legitimo
823 1067 911 1108 cursu
924 1051 1071 1109 deuianti·

27 1155 46 1193 11
56 1135 118 1196 bus
165 1136 241 1194 dicit
269 1155 338 1213 ergo
367 1136 502 1212 Iuppiter
531 1137 575 1193 nil
607 1137 683 1195 illud
715 1137 885 1195 incendium
916 1140 1071 1214 profuisse,

57 1225 199 1300 quoniam
222 1225 386 1283 humanum
408 1243 501 1302 genus
524 1227 676 1283 emendari
699 1245 758 1284 non
781 1226 889 1301 potuit.

122 1317 185 1372 221
210 1333 251 1372 nr
270 1331 499 1373 ruanruourua
517 1333 648 1374 uvunvn
668 1331 690 1372 s
710 1334 737 1372 n.
757 1315 921 1389 Phaethon,
944 1314 1021 1374 Solis
1040 1319 1071 1374 et
1088 1333 1186 1382 amaa

57 1403 212 1479 Clymenes
239 1403 332 1477 filius,
359 1404 455 1477 patris
483 1421 585 1462 currus
613 1404 729 1479 petiuit.
773 1422 847 1479 quos
874 1423 941 1461 cum
969 1423 1070 1482 regere

56 1513 115 1552 non
137 1492 300 1568 potuisset,
322 1492 446 1550 fulmine
470 1494 517 1551 est
538 1493 754 1568 praecipitatus
776 1493 809 1550 in
831 1493 954 1552 Padum.

25 1605 45 1644 15
121 1584 187 1639 222
213 1599 265 1639 run
283 1598 391 1640 aorvrr
410 1598 513 1646 unovn
533 1600 573 1642 nv
591 1599 1018 1647 v.o.c.n.1.1>.1‚1³.c.n.
1040 1583 1072 1640 id

56 1673 114 1728 est:
154 1689 209 1728 nec
235 1670 312 1728 illud
339 1670 454 1744 profuit
477 1670 516 1728 ad
538 1670 775 1729 emendationem
800 1671 924 1728 humani
947 1672 1071 1749 generis,

57 1760 135 1840 quod
154 1759 302 1817 diluuium
325 1759 510 1818 factumest.
548 1760 706 1835 Neptunus
724 1760 803 1817 enim
825 1759 957 1836 impulsu
975 1761 1072 1837 cuspi-

56 1848 99 1906 dis
113 1848 214 1926 coegit
229 1848 366 1906 excedere
381 1849 489 1907 fluctus
503 1848 626 1906 litorum
640 1849 737 1925 legem
756 1849 786 1906 et
803 1849 958 1908 uniuersas
976 1852 1071 1909 taras

56 1937 187 1996 obruere.
206 1937 281 1996 dicit
292 1956 362 2015 ergo
370 1937 507 2013 Iuppiter
517 1937 594 1995 nihil
604 1937 804 1995 emendationi
817 1938 941 1996 humani
956 1940 1071 2016 generis

12 2026 44 2088 'a
56 2027 202 2102 profuisse
222 2026 382 2102 supplicia,
401 2045 469 2085 cum
489 2026 682 2085 nihilominus
703 2045 824 2102 peccare
846 2046 906 2086 non
925 2028 1070 2089 desinant.

120 2117 186 2174 224
211 2132 291 2174 nvnc
311 2132 446 2174 caumas
464 2134 576 2174 rvurnn
600 2132 705 2174 nouos
729 2116 803 2173 duas
826 2116 957 2174 familias
980 2118 1070 2194 signi·

55 2203 124 2262 ficat
143 2203 354 2262 Thebanorum
372 2208 403 2262 et
420 2204 611 2281 Argiuorum,
634 2195 762 2279 cuorum
785 2222 814 2262 se
834 2205 980 2281 originem
998 2207 1071 2264 dicit

55 2294 193 2368 existere,
225 2293 258 2350 id
285 2296 331 2352 est
356 2293 539 2371 Argiuorum
567 2312 585 2350 a
611 2293 719 2351 Perseo
749 2325 791 2333 —
818 2292 943 2352 Perseus
971 2298 1071 2352 autem

55 2381 134 2440 Iouis
159 2384 191 2439 et
213 2382 333 2441 Danaes
355 2382 435 2441 filius
458 2382 517 2440 fuit
539 2415 583 2422 —
601 2381 815 2441 Thebanorum
841 2401 895 2456 per
918 2380 1070 2458 Cadmum,

24 2491 46 2532 25
59 2471 108 2546 qui
132 2471 172 2528 ab
191 2469 318 2546 Epapho
342 2493 378 2530 ex
395 2472 477 2530 Iouis
501 2471 614 2547 origine
638 2471 729 2530 uenit.
767 2473 885 2529 constat
908 2490 979 2548 ergo
997 2472 1071 2530 utri·

58 2579 111 2634 que
135 2560 221 2638 genti
244 2559 346 2618 Iouem
369 2579 432 2619 esse
456 2563 614 2619 auctorem.

126 2771 141 2818 1
163 2767 192 2819 et
210 2781 261 2820 om.
276 2770 313 2818 ΡΒ
338 2781 371 2819 eo
386 2771 413 2817 11
430 2767 440 2835 ΙΙ
458 2770 474 2818 3
493 2785 526 2818 ar
545 2782 594 2820 om.
609 2770 646 2817 ΡΒ
664 2767 668 2834 Ι
684 2764 851 2820 iocundibus
866 2772 902 2819 ΡΒ
921 2770 930 2836 ΙΙ
950 2772 967 2819 4
985 2769 1072 2836 negat

56 2834 151 2907 ignem
172 2852 257 2906 posse
274 2841 319 2887 ΙιΡ
347 2838 356 2906 ΙΙ
384 2841 482 2890 omno
502 2843 547 2888 a?
572 2839 576 2902 Ι
600 2855 625 2889 n.
706 2855 731 2890 u.
751 2854 800 2892 om.
821 2843 866 2889 ΒΡ
893 2839 902 2906 ΙΙ
929 2837 1071 2905 6pheton

56 2912 105 2961 ΙΡ
127 2910 138 2978 ΙΙ
161 2913 194 2960 11
215 2905 350 2975 quoniam
366 2908 445 2962 Mon.
473 2912 619 2976 quoffl’
642 2911 651 2977 ΙΙ
676 2912 707 2959 12
728 2913 915 2962 s.r.om.1.1²
937 2910 946 2976 Ι
969 2913 1002 2960 13
1022 2907 1070 2961 cli-

56 2995 136 3033 mene
150 2984 202 3031 ΗΡ
219 2981 223 3047 Ι
239 2979 350 3047 patrem
363 2984 416 3031 ΠΡ
434 2980 548 3045 sonasse
566 2985 635 3034 recte
654 2980 663 3048 ΙΙ
683 2983 716 3031 15
736 2981 831 3032 actum
850 2982 893 3033 est
910 2983 946 3030 ΡΒ
964 2981 968 3045 Ι
984 2995 1070 3037 unove

56 3069 88 3104 nv
111 3055 202 3105 om.L
228 3053 232 3117 Ι
257 3068 282 3104 v.
304 3068 400 3104 ...1›.
420 3067 470 3104 om.
490 3055 534 3102 ΒΡ
561 3051 570 3119 ΙΙ
599 3055 632 3102 16
655 3065 747 3117 neque
769 3049 879 3103 illudI.
907 3052 916 3119 ΙΙ
944 3055 976 3102 17
996 3049 1072 3117 quod

57 3120 196 3175 diluuium
296 3119 438 3191 supplicia
464 3138 515 3176 om.
537 3125 573 3173 ΡΒ
610 3122 614 3188 Ι
648 3119 762 3190 inpulsu
789 3139 840 3176 om.
863 3137 994 3188 superscr.
1017 3126 1045 3173 Ι
1061 3121 1072 3195 ΙΙ

57 3190 1068 3263 18111101111111Ι119111114120910111119οφη.ΗΙΙ22ΒΒθΒΒΒοΡΒΙ

56 3282 173 3332 quorum
194 3262 384 3319 ...existere
403 3263 525 3333 0111ΡΒΙ
546 3263 620 3317 dixit
638 3268 707 3316 ΗΡα
730 3265 739 3332 ΙΙ
767 3269 800 3317 23
820 3263 849 3315 id
869 3263 912 3316 est
929 3279 980 3317 om.
999 3265 1068 3337 ΒΡΙ

56 3335 245 3391 thebanorum
263 3352 281 3389 a
297 3333 424 3388 Cadmon
442 3333 603 3404 argiuorum
620 3339 657 3386 ΡΒ
672 3336 681 3403 ΙΙ
700 3340 734 3388 24
754 3335 869 3388 damnes
888 3340 924 3387 ΡΒ
952 3334 1026 3407 dane
1044 3341 1072 3388 Ι

57 3406 140 3462 diane
149 3414 188 3460 Ρι
204 3410 208 3475 Ι
225 3406 319 3460 cadim
328 3412 366 3458 Pa
379 3408 389 3475 ΙΙ
403 3411 436 3459 25
447 3405 496 3474 qui
505 3411 586 3460 om.1’
602 3408 608 3487 Ι
622 3421 672 3474 per
681 3405 830 3475 Epaphum
843 3411 888 3457 L?
903 3406 907 3477 Ι
924 3408 953 3460 et
967 3423 985 3460 a
999 3405 1071 3461 iouis

57 3483 92 3531 ΡΒ
119 3496 138 3532 a
156 3476 231 3532 iouis
249 3484 287 3531 ΡΒ
309 3479 313 3548 Ι
333 3493 384 3545 per
401 3476 548 3546 Epaphum
568 3476 706 3547 or1gincm
725 3476 804 3533 ducit
822 3493 840 3532 a
857 3477 925 3534 louc
939 3483 964 3532 Β
980 3479 993 3551 Ι
1009 3495 1078 3551 ergo

58 3551 106 3602 aut
120 3557 160 3600 Pa
191 3552 284 3600 autem
300 3553 340 3598 ΡΒ
356 3550 369 3613 Ι
385 3549 499 3614 utrique
515 3555 554 3602 Pa
576 3552 589 3621 ΙΙ
611 3555 647 3606 26
665 3551 760 3626 geniti
779 3559 820 3610 Pa
