2378 3930
148 165 215 230 488
360 144 649 218 commaneamus
668 159 709 213 nr
726 156 957 213 Aonnnnma

220 317 273 374 13‘
293 332 418 379 cvuovn
446 329 502 371 svo
530 309 697 370 numanus
720 327 882 368 Ammona
907 327 1030 366 annana
1056 309 1143 368 Zethus

152 409 182 464 et
200 402 360 478 Amphion,
382 402 464 460 Iouis
483 403 514 459 et
531 399 682 474 Antiopae
705 398 776 456 filii:
800 398 913 456 Zethus
936 398 1070 472 rusticus,
1089 398 1144 456 Am·

151 494 243 569 phion
276 491 412 550 musicus.
454 489 605 564 Amphion
638 488 785 546 citharam
818 506 836 544 a
868 487 1018 545 Mercurio
1048 487 1145 560 meruit,

152 582 235 641 cuius
259 579 413 638 dulcedine
437 578 545 636 dicitur
567 595 668 636 muros
692 576 833 634 struxisse
856 575 1026 635 Thebanos.

220 671 262 728 20
287 685 445 727 scavanar
468 666 610 724 narratio.
1163 672 1172 712 s

221 759 260 814 21
290 773 455 814 ammanus
486 755 572 813 Paris
604 772 657 829 pro
691 748 894 812 ‘Dardanius'.
1017 769 1147 811 lucarias

152 863 276 904 annana
295 861 474 904 normarvs
494 845 599 920 argute
614 843 820 917 depraedatus.
849 842 963 919 legitur
976 843 1010 899 in
1028 841 1148 914 historiis

154 934 234 1010 quod
257 933 379 991 Troiani
403 952 469 991 cum
493 931 613 990 Graecis
641 931 745 990 foedus
767 931 952 1006 habuerunt,
975 930 1054 988 unde
1076 929 1148 988 etiam

153 1023 238 1081 Paris
267 1025 311 1080 est
339 1024 491 1096 susceptus
518 1020 649 1096 hospitio
672 1021 703 1078 et
735 1020 776 1078 sic
804 1020 956 1078 commisit
979 1019 1147 1077 adulterium

153 1112 220 1169 ideo
240 1111 284 1168 ait
301 1110 442 1168 blande.
471 1109 550 1185 quod
570 1111 670 1167 autem
689 1109 762 1166 dicit
779 1109 994 1183 populatus,
1012 1105 1148 1166 historiam
1156 1115 1174 1154 1⁰

51 1200 262 1276 axaaanga.
300 1199 442 1257 Hercules
466 1217 532 1256 cum
555 1189 733 1279 extpugnato
756 1197 813 1256 Ilio
838 1197 934 1254 filiam
957 1195 1149 1254 Laomedontis

154 1289 329 1362 Hesionam,
360 1287 473 1345 Priami
505 1306 648 1362 sororem,
680 1286 834 1344 Telamoni
865 1286 1013 1359 dedisset,
1044 1283 1149 1360 profecti

155 1381 225 1436 sunt
251 1376 345 1454 legati
368 1395 386 1434 a
409 1376 528 1434 Priamo
553 1379 583 1434 et
606 1393 672 1433 eam
695 1375 815 1432 minime
842 1377 979 1450 repetere
1009 1373 1149 1449 potuerunt

154 1467 215 1524 illis
239 1464 404 1524 dicentibus
433 1483 498 1522 eam
521 1482 551 1522 se
574 1464 681 1522 habere
710 1464 773 1521 iure
795 1462 953 1521 bellorum.
991 1463 1068 1521 unde
1090 1481 1148 1520 oom-

155 1557 253 1613 motus
280 1554 417 1612 Priamus
446 1553 529 1611 misit
555 1553 692 1611 Paridem
721 1572 787 1610 oum
816 1552 963 1627 exercitu,
991 1554 1028 1610 ut
1056 1549 1172 1625 aliquid1⁵

154 1644 216 1702 tale
240 1643 439 1702 committeret
462 1644 515 1700 aut
540 1642 573 1699 in
595 1661 716 1700 uxorem
738 1641 816 1718 regis
840 1644 895 1698 aut
923 1641 956 1698 in
978 1641 1078 1698 filiam
1112 1637 1150 1713 qui

156 1734 327 1809 expugnata
351 1731 461 1806 Sparta
482 1731 629 1789 Helenam
652 1730 761 1805 rapuit.

224 1823 264 1878 22
302 1838 464 1886 rnnnaova
501 1837 639 1877 uernam
675 1836 831 1876 asenneus
861 1835 1041 1876 camenam
1075 1832 1151 1876 soum

154 1908 278 1967 Hecuba
305 1909 369 1966 filia
401 1909 561 1967 secundum
588 1908 761 1983 Euripidem
789 1905 890 1965 Cissei.
930 1927 1021 1982 quem
1048 1905 1151 1977 Ennius¹

155 1997 304 2056 Pacuuius
328 2000 358 2054 et
375 1997 521 2074 Virgilius
541 2000 686 2055 secuntur.
714 1997 791 2054 rmde
814 1996 893 2053 idem
909 1995 1058 2072 Virgilius
1075 1990 1176 2072 <aena

155 2087 215 2143 VII
240 2087 301 2144 319
318 2081 395 2163 sq.>:
424 2081 489 2144 ‘nec
516 2087 579 2144 face
608 2088 726 2143 tantum
754 2084 860 2143 Cisseis
892 2104 1065 2162 praegnans
1089 2082 1153 2160 ignis

156 2176 243 2233 enixa
271 2170 400 2251 iugalis’.
442 2176 514 2232 haec
543 2175 612 2232 dum
640 2191 806 2251 praegnans
835 2176 914 2232 esset
942 2174 1065 2248 Paride,
1091 2171 1154 2230 uidit

155 2265 188 2322 in
211 2264 333 2322 somniis
360 2265 456 2321 facem
479 2281 508 2321 se
536 2283 648 2337 parere.
679 2263 758 2338 quod
779 2263 839 2320 fuit
860 2264 1055 2339 praesagium
1077 2258 1153 2319 futuri

155 2352 292 2411 incendii.
316 2353 462 2410 Homerus
487 2355 586 2410 autem
609 2352 768 2427 Dymantis
790 2351 884 2408 filiam
910 2352 992 2409 dicit.

224 2445 264 2499 26
289 2459 402 2499 vrrnno
426 2441 532 2498 lucido.
1162 2440 1178 2482 ²⁵

224 2532 264 2588 28
290 2547 444 2588 coavurra
476 2549 582 2586 annixi
613 2547 726 2588 urrann
759 2548 825 2586 cum
858 2528 990 2586 Phrixus
1025 2531 1056 2586 et
1085 2526 1155 2584 Helle

155 2638 209 2692 per
240 2636 320 2675 mare
348 2618 577 2692 Hellespontum
609 2618 783 2691 transirent,
811 2617 942 2674 Phrixus
976 2617 1108 2676 ascendit
1133 2615 1156 2671 in

156 2708 280 2763 arietem
297 2707 407 2780 pellem
421 2726 541 2764 auream
560 2706 725 2765 habentem.
756 2705 842 2763 Helle
862 2708 975 2764 natans
990 2707 1031 2764 ad
1049 2705 1157 2765 caudam

155 2794 248 2868 ipsius
277 2795 379 2854 arietis
402 2815 432 2853 se
460 2795 587 2853 tenebat.
625 2795 703 2853 fessa
731 2795 852 2851 tandem
880 2797 977 2868 ponto
1007 2793 1156 2853 submersit.

155 2884 232 2940 unde
252 2902 333 2941 mare
347 2884 573 2958 Hellespontum
593 2885 779 2942 nominatum
795 2885 848 2940 est.
874 2882 1006 2941 Phrixus
1027 2883 1181 2942 transiensa

155 2973 293 3046 peruenit
316 2973 354 3029 ad
374 2971 498 3030 Colchos
521 2973 620 3047 ibique
645 2973 768 3030 arietem
788 2971 898 3030 occidit
922 2975 955 3030 et
979 2973 1044 3031 eius
1067 2971 1158 3047 pellan

227 3166 244 3212 4
267 3158 358 3229 ouius]
383 3163 415 3212 cu
435 3164 461 3210 Μ
488 3161 497 3227 t
525 3164 540 3211 6
562 3176 613 3229 per
636 3159 799 3212 Dardanum
822 3163 841 3209 L
869 3160 879 3227 ll
906 3164 923 3211 8
949 3158 1102 3212 habuerint
1120 3153 1158 3207 L?

158 3236 188 3283 11
209 3229 322 3284 laoffitis
340 3235 367 3281 Μ
381 3233 390 3299 ΙΙ
412 3236 444 3283 16
464 3229 507 3282 in²
525 3248 574 3284 om.
590 3236 616 3282 Μ
630 3232 639 3300 Η
660 3236 692 3283 19
712 3230 816 3284 Heoab.
836 3231 876 3298 31!
895 3233 931 3281 20
952 3232 1107 3297 sequuntur
1122 3223 1158 3294 ill

156 3308 188 3355 21
208 3318 366 3370 praegnans
386 3300 487 3355 Cisseis
506 3307 557 3353 ΜΜ
571 3304 580 3370 ΙΙ
594 3307 627 3354 23
648 3300 752 3355 somnis
771 3305 798 3352 Μ
814 3302 818 3368 l
833 3316 936 3368 parare
957 3306 984 3353 Μ
1004 3303 1014 3370 ΙΙ
1034 3307 1068 3354 24
1085 3297 1156 3353 Iliad.

156 3374 236 3426 XVI
247 3377 301 3426 718
315 3375 324 3441 t
339 3378 372 3425 26
391 3378 538 3425 marceat
555 3375 558 3442 Ι
575 3371 670 3426 Helles
689 3378 709 3425 Ι.
728 3370 809 3425 telles
824 3376 851 3422 Μ
866 3374 923 3440 1127
945 3371 1138 3441 ellespontdl
1153 3367 1156 3424 l

157 3443 308 3497 ascendent
325 3448 352 3495 Μ
365 3445 375 3512 ΙΙ
388 3449 422 3495 28
441 3443 517 3496 Elles
536 3448 588 3495 ΒΜ
601 3445 610 3512 ΙΙ
625 3450 658 3496 29
679 3442 775 3496 arietis
795 3460 844 3497 om.
864 3449 884 3496 1.
901 3446 904 3509 Ι
921 3443 1043 3497 tenebat
1061 3461 1107 3498 om.
1120 3437 1155 3507 lat

156 3514 245 3568 fessus
264 3520 284 3566 L
310 3514 415 3567 fessum
433 3519 459 3565 Μ
476 3515 479 3582 Ι
497 3514 627 3568 sumersit
644 3520 671 3566 Μ
685 3520 693 3584 t
715 3521 749 3568 30
769 3513 928 3583 ellespontir
947 3518 976 3565 Μ
