2416 3936
327 178 617 235 conmmmnivs
636 176 675 232 ni
694 178 834 233 nmnvn
849 146 898 232 iv.
1053 178 1116 242 231

103 332 186 406 dicit,
211 331 282 406 quia
304 330 396 388 tuerit
417 334 521 389 toruus
544 330 686 390 inciues.
765 323 977 395 'Pnonrvsovn
999 347 1118 388 uocaus

104 422 171 479 ideo
209 437 351 493 nocenS,
391 421 462 494 quia
495 419 757 495 Bellerophontem
795 418 982 478 innocentem
1021 419 1120 479 uoluit
1147 473 1150 478 .

99 509 245 569 occidere.
296 508 554 584 Bellerophontes,
583 507 689 567 Glauci
715 507 807 583 filius,
838 526 904 566 cum
931 508 1053 584 ignarus
1082 508 1120 566 ad

104 600 247 658 Proetum
269 597 301 654 in
323 597 487 672 hospitium
509 598 641 656 uenisset
663 600 693 655 et
715 616 791 655 uxor
812 596 914 655 Proeti
933 597 1119 656 Stheneboea

79 689 169 746 asine
187 686 282 745 Antia
304 686 390 743 illum
413 688 529 744 amaret
546 705 600 744 nec
619 686 656 744 ab
676 705 710 744 eo
728 686 889 762 impetrare
908 684 1062 762 potuisset,
1085 688 1120 743 ut

107 795 205 835 secum
227 774 449 850 concumberet,
475 776 555 851 apud
577 793 663 832 suum
685 775 784 845 uirum
806 775 933 833 mentita
956 779 1002 834 est
1021 775 1061 834 ab
1085 794 1119 833 eo

109 885 139 924 se
157 864 367 941 compellatum
385 865 484 923 imese.
517 864 642 922 Proetus
661 860 700 922 ad
713 863 856 938 Iobatem,
875 883 1008 924 socerum
1026 884 1120 938 suum,
1193 925 1195 929 ,

109 953 191 1012 misit
220 956 252 1012 et
283 954 318 1011 de
349 954 452 1011 eadem
480 973 513 1010 re
540 953 765 1035 Bellerophonti
793 953 876 1011 dedit
901 953 1028 1013 tabellas
1056 973 1121 1029 per·

98 1041 244 1118 ,ferendas
280 1061 390 1101 socero.
445 1041 552 1117 quibus
589 1042 675 1100 lectis
706 1041 870 1100 interficere
902 1043 1001 1101 uoluit
1029 1044 1121 1100 talem

67 1153 94 1192 10
108 1132 214 1190 uirum.
260 1131 312 1190 sed
340 1150 406 1189 cum
432 1131 484 1188 ille
512 1131 672 1205 prudentia
699 1149 752 1189 sua
780 1133 811 1189 et
837 1130 986 1190 castitatis
1009 1132 1120 1190 auxilio

107 1240 138 1279 se
167 1220 204 1278 ab
232 1220 358 1278 instanti
384 1220 516 1294 periculo
544 1219 713 1294 liberasset,
742 1221 857 1293 tamen,
884 1221 919 1276 ut
946 1219 1122 1295 pudicitiam

106 1309 232 1385 periculi
254 1308 396 1384 probaret
417 1307 599 1382 immanitas,
622 1309 661 1366 ad
678 1307 915 1366 interficiendum
934 1307 1122 1367 Chimaeram

106 1398 215 1456 missus
244 1400 301 1472 est,
329 1416 419 1473 quam
446 1397 500 1467 ille
521 1397 636 1474 Pegaso
661 1397 783 1455 iuuante
807 1397 979 1473 prostrauit
1026 1398 1121 1455 denuo

108 1506 176 1544 eum
194 1486 285 1560 misit,
303 1488 338 1544 ut
352 1485 521 1561 Calydonas
539 1482 687 1544 uinceret⁴
712 1487 804 1544 etiam
821 1486 890 1544 illos
909 1504 976 1544 oum
994 1486 1123 1559 uicisset,

67 1595 93 1634 15
108 1575 269 1634 nouissime
287 1574 406 1633 Iobates
430 1575 526 1649 sciuit,
550 1593 626 1650 quae
648 1575 704 1634 sibi
722 1575 828 1634 fuisset
845 1592 935 1633 causa
953 1575 1032 1634 tanti
1050 1574 1122 1632 mali

108 1664 246 1723 faciendi.
302 1663 441 1738 crimina,
478 1682 554 1738 quae
591 1664 622 1721 in
654 1683 721 1722 eum
757 1663 954 1737 confinxerat,
992 1663 1123 1722 aboleuit

108 1754 310 1828 uirtutemque
343 1753 406 1812 eius
442 1753 573 1826 laudans,
603 1752 729 1810 alteram
764 1752 859 1811 filiam
890 1753 1064 1812 Alcimenen
1095 1752 1122 1810 ei

109 1843 192 1900 dedit
209 1861 338 1900 uxorem.
372 1844 405 1899 at
423 1840 611 1899 Sthenoboea
635 1859 670 1899 ea
692 1860 724 1899 re
747 1844 867 1920 cognita
889 1843 957 1918 ipsa
979 1861 1010 1900 se
1033 1843 1122 1900 inter·

109 1932 188 1990 feeit.
227 1949 297 2008 ergo
321 1930 369 1988 hic
392 1930 545 1990 Proetus
568 1948 712 2005 nocens,
736 1931 787 2006 qui
809 1932 964 1990 innoxium
986 1932 1123 1990 iuuenem

66 2041 94 2080 so
108 2019 249 2096 periculis
277 2019 370 2076 tantis
399 2018 514 2079 obiecit
560 2020 634 2078 haec
665 2019 769 2078 fabula
789 2015 871 2096 'apud
893 2020 1056 2079 Homerum
1079 2021 1124 2076 est

109 2110 142 2168 in
165 2108 241 2166 libro
265 2108 356 2166 sexto.
402 2108 464 2184 ipse
488 2109 626 2183 ProetuS,
655 2109 738 2166 cuius
765 2108 843 2166 filias
866 2109 920 2167 sub
943 2107 1124 2167 contumelia

110 2197 184 2256 laesi
207 2196 336 2254 numinis
355 2197 429 2255 Iuno
447 2197 547 2256 furore
566 2197 736 2273 compleuit,
760 2215 818 2271 quo
839 2215 869 2255 se
887 2197 982 2255 factas
1000 2196 1124 2254 buculas

108 2288 259 2362 putarent
310 2286 346 2343 de
379 2285 485 2361 quibus
512 2286 657 2362 Virgilius
686 2281 759 2363 (ecl.
783 2283 827 2342 VI
851 2280 926 2362 48>2
959 2278 1124 2342 ‘Proetides

182 2444 196 2491 1
213 2436 263 2506 qui
277 2455 346 2492 corr.
356 2453 389 2491 ex
404 2452 488 2504 quam
497 2440 525 2487 1
542 2437 619 2504 quod
628 2441 673 2488 m>
685 2435 688 2507 Ι
700 2437 798 2505 toruus
812 2451 862 2489 om.
871 2439 911 2498 ,Ρι
924 2437 933 2503 ΙΙ
948 2441 963 2488 2
978 2435 1070 2489 uoluit
1083 2436 1123 2489 in-

108 2511 258 2564 nocentem
271 2514 291 2560 1.
305 2510 314 2578 ΙΙ
328 2513 344 2561 3
358 2506 551 2561 bellerefontis
566 2513 604 2560 Pa
626 2503 819 2577 pellerofontis
833 2510 861 2557 11
883 2505 1070 2578 Bellerophon
1082 2512 1102 2559 1.
1119 2507 1123 2578 Ι

108 2580 234 2652 glaeira
248 2578 339 2634 clanei
348 2578 419 2651 ΙΙΙ4
433 2577 525 2632 Proeti
542 2597 591 2633 om.
602 2583 638 2630 ΡΒ
648 2576 683 2649 ΙΙΒ
697 2576 850 2646 impetrare
866 2619 907 2632 ...
922 2578 958 2632 ab
969 2595 1001 2633 eo
1011 2596 1060 2634 om.
1069 2584 1106 2631 ΡΒ
1115 2578 1126 2650 ΙΙ

111 2659 127 2706 7
147 2651 337 2721 conpellatam
355 2655 383 2702 1
399 2649 402 2720 Ι
418 2649 545 2703 Iobatem
562 2651 662 2717 scripsi
679 2665 740 2703 cam
756 2649 1125 2720 mythopr.Adiuuareem1.

110 2724 239 2778 iuuatem
248 2728 276 2775 1
300 2721 446 2775 ituantem
459 2727 479 2773 Ρ
493 2723 503 2791 ΙΙ
517 2726 532 2773 8
545 2719 700 2794 pferendas
714 2725 742 2772 1
758 2719 761 2792 Ι
777 2720 883 2781 tabella
902 2720 1052 2790 pferendas
1065 2727 1104 2773 Pe
1117 2721 1127 2792 ΙΙ

110 2801 127 2848 9
142 2793 275 2877 perlectis
289 2792 382 2847 uoluit
395 2791 549 2847 interficere
562 2796 599 2843 ΡΒ
613 2793 623 2861 ΙΙ
637 2797 671 2844 10
685 2790 767 2862 illurn
782 2773 932 2861 prudentia
946 2792 1009 2845 uirfi
1023 2794 1053 2845 et
1066 2797 1102 2844 ΡΒ
1119 2792 1124 2864 Ι

111 2884 156 2919 sui
174 2870 202 2917 1
224 2867 234 2934 ΙΙ
258 2870 290 2919 11
310 2880 339 2918 se
360 2907 386 2918 ..
404 2906 410 2918 .
429 2863 578 2916 liberasset
597 2879 649 2917 nm.
668 2869 688 2915 Ρ
713 2863 717 2935 Ι
741 2863 867 2917 instante
885 2868 904 2915 t
929 2863 933 2935 Ι
958 2866 1055 2917 temen
1074 2906 1079 2915 .
1097 2906 1124 2918 ..

109 2936 275 2990 immanitas
294 2953 344 2990 om.
363 2940 408 2986 ΒΡ
427 2935 437 3002 ΙΙ
458 2938 490 2984 12
509 2931 663 2988 inmanitas
681 2940 709 2987 Π
724 2937 728 3004 Ι
745 2933 967 3004 interficiendam
984 2940 1004 2987 1.
1040 2933 1126 2987 inter-

109 3007 233 3061 ficienda
246 3012 282 3059 ΡΒ
296 3009 305 3076 ΙΙ
321 3011 354 3058 13
368 3003 418 3057 illa
427 3007 497 3055 ΠΡΒ
510 3005 519 3084 ΙΙ
534 3010 568 3058 14
583 3005 739 3059 calidoniae
749 3012 777 3060 11
790 3007 799 3075 ΙΙ
814 3005 882 3059 15&
897 3022 959 3059 eum
973 3004 1125 3059 nouissime

111 3077 197 3132 sciuit
215 3077 389 3131 Adiuuarces
408 3078 427 3125 t
444 3077 447 3142 Ι
469 3073 636 3132 adiuuacres
656 3084 695 3130 Pe
727 3077 869 3131 ariobates
888 3082 924 3129 ΡΒ
957 3075 1125 3143 adiuuantes
1190 3129 1192 3134 .

112 3149 155 3221 ΙΙ
168 3149 244 3217 quod
258 3146 313 3217 ipsi
326 3145 455 3199 fuissetI·
469 3146 478 3214 ΙΙ
493 3150 526 3199 16
540 3147 656 3202 faormdi
669 3154 706 3202 ΡΒ
726 3147 848 3202 faciendi
867 3165 935 3203 corr.
950 3150 982 3202 irs
994 3146 1127 3218 paciendi

112 3221 160 3287 111
176 3218 348 3272 confixerant
364 3221 384 3268 Β
416 3216 569 3273 confixerat
585 3224 613 3271 1
625 3221 635 3289 ΙΙ
651 3226 683 3273 17
698 3219 924 3273 Alchimeneml.
952 3217 1126 3272 alchimenP

112 3302 264 3394 alchimeni
282 3328 310 3375 1
341 3322 518 3377 alchimenen
536 3325 612 3380 Mon.
636 3328 646 3395 ΙΙ
669 3331 703 3380 18
722 3342 756 3379 ae
774 3331 812 3378 Pe
832 3328 836 3394 Ι
857 3341 891 3379 ea
908 3342 958 3380 om.
977 3328 1042 3395 ΒΡΙ
1063 3324 1126 3394 ipsa

111 3412 161 3450 om.
181 3401 217 3448 ΡΒ
232 3398 242 3465 ΙΙ
257 3400 289 3448 19
308 3393 355 3448 hio
372 3396 472 3463 scripsi
489 3394 552 3449 ish
582 3395 627 3450 his
644 3402 714 3449 1Ps
743 3396 798 3450 hiis
814 3395 958 3469 Pblqnia
976 3398 1019 3466 ΙιΙΙ
1033 3402 1065 3449 21
1086 3395 1105 3466 Ι’
1152 3405 1155 3410 ’

111 3466 242 3591 pluriplnlilp.
260 3465 309 3521 Vl.
328 3467 371 3520 est
389 3471 409 3518 1.
425 3467 429 3533 Ι
445 3466 481 3521 11.
502 3467 546 3521 VI
560 3471 706 3522 155-197
725 3469 730 3541 Ι
750 3471 794 3523 est
816 3468 876 3538 ipse
894 3474 933 3521 Pe
950 3469 960 3537 Ι
977 3473 1012 3521 22
1036 3467 1126 3521 nomi-
